3667 5475
436 779 479 837 to
583 804 588 813 ·
694 791 830 837 rosuurs
847 789 1129 837 saansaumausm
1310 772 1356 851 [a.
1374 788 1405 833 n.

438 964 578 1025 nensem,
588 944 763 1030 episcopos,
772 941 906 1007 dilectos
917 941 999 1006 filios
1012 954 1146 1019 vestros,
1160 963 1218 1028 per
1232 943 1402 1005 Soreusem

440 1055 473 1108 et
489 1042 843 1109 winchelcumbensem
862 1043 995 1109 abbates
1009 1043 1050 1108 ad
1066 1066 1123 1107 voa
1139 1039 1402 1118 transmittimus,

437 1147 469 1210 in
485 1149 605 1211 virtute
627 1144 817 1209 obedientiae
839 1166 899 1229 pro
913 1142 1104 1209 auctoritate
1123 1143 1300 1231 apostolica
1316 1165 1402 1230 prae·

440 1247 600 1333 cipimus,
621 1260 657 1312 ut
680 1269 789 1310 eorum
812 1246 944 1309 consilio
965 1247 1112 1330 proxima
1135 1244 1305 1310 Dominica
1327 1257 1400 1328 post

441 1349 558 1413 festum
575 1353 606 1415 S.
627 1348 759 1416 Joannis
774 1347 929 1434 Baptistae
944 1347 1069 1433 eligatis
1085 1346 1175 1411 vobis
1188 1345 1221 1410 iu
1236 1346 1402 1423 abbatem,

440 1471 606 1536 personam
614 1448 804 1532 religiosam,
812 1447 1170 1525 litteratam‚habeutem
1181 1448 1302 1512 bonum
1314 1448 1404 1512 testi-

440 1552 582 1616 mouium
606 1552 648 1616 ab
669 1551 720 1615 his
742 1552 797 1638 qui
820 1550 898 1614 ioris
920 1564 1006 1626 sunt,
1030 1551 1086 1636 qui
1109 1562 1239 1614 auctore
1257 1549 1402 1614 Domino

440 1673 577 1738 praeesse
591 1653 704 1728 valeat,
719 1666 751 1717 et
766 1651 923 1738 prodesse.
955 1652 989 1715 Si
1004 1675 1080 1716 vero
1096 1651 1401 1737 praenominatorum

439 1754 573 1819 fratrum
598 1755 734 1840 aliquem
756 1753 861 1817 animo
883 1766 915 1817 ct
937 1776 1068 1840 corpore
1089 1754 1196 1818 abesse
1214 1752 1400 1837 contigerit,

440 1855 644 1921 nihilominus
658 1854 800 1919 obtineat
822 1852 908 1938 apud
925 1876 982 1916 vos
1001 1854 1166 1917 consilium
1186 1852 1399 1939 reliquorum.

441 1957 565 2020 Scimus
579 1969 685 2020 autem
697 1955 786 2041 quod
802 1967 866 2018 tarn
879 1956 1039 2040 religioso,
1050 1968 1114 2020 tam
1131 1953 1251 2020 salubri
1263 1955 1399 2020 consilio

440 2066 601 2141 gratanter
623 2060 816 2143 acquiescet,
842 2058 990 2144 quisquis
1013 2057 1045 2121 in
1073 2057 1164 2122 vobis
1189 2080 1251 2121 non
1275 2057 1399 2144 quaerit

440 2181 513 2243 quae
535 2180 593 2222 sua
615 2172 701 2235 sunt,
717 2159 771 2222 sed
794 2182 867 2244 quae
880 2163 957 2225 Jesu
980 2160 1111 2224 Christi.
1159 2158 1293 2223 Illorum
1316 2182 1397 2224 vero

438 2279 548 2324 vocem
569 2261 696 2324 omuino
717 2283 921 2345 evacuamus,
937 2263 994 2348 qui
1018 2274 1127 2327 sancto
1146 2262 1281 2347 Spiritui
1303 2262 1401 2327 rasis·

437 2372 539 2425 tentes
564 2384 583 2425 a
608 2362 845 2447 praeuominatis
874 2362 1028 2426 fratribus
1057 2362 1099 2426 ad
1130 2362 1190 2425 hoc
1214 2362 1398 2443 destinatis,

437 2460 639 2526 invenientur
657 2485 757 2539 suani,
777 2477 809 2528 et
831 2464 978 2539 aliorum,
998 2478 1155 2549 quantum
1179 2464 1210 2528 in
1233 2463 1311 2549 ipsis
1331 2477 1395 2541 est,

323 2623 335 2643 ,
438 2564 591 2649 impedire
607 2564 757 2630 salutem:
785 2587 841 2629 uec
858 2565 898 2628 ad
921 2565 1083 2630 dominum
1106 2588 1212 2649 regern
1225 2588 1261 2629 se
1281 2566 1394 2632 credat

437 2665 553 2754 aliquis
578 2681 716 2732 vestrum
745 2667 861 2732 habere
889 2667 1088 2754 confugium,
1114 2668 1190 2754 quia
1219 2668 1248 2731 ei
1278 2668 1397 2734 salutis

437 2784 550 2835 vestrae
565 2771 676 2836 dilatio
696 2771 828 2836 molesta
847 2770 918 2845 erit,
935 2771 992 2857 qui
1015 2770 1116 2847 vobis,
1132 2793 1171 2834 ne
1193 2771 1393 2850 differretur,

435 2872 467 2934 in
484 2872 542 2936 hac
556 2886 647 2959 parte
661 2872 818 2937 commisit
834 2872 917 2937 vices
932 2893 1013 2935 suas.
1060 2871 1181 2936 Valete.

479 3186 699 3250 EPISTOLA
724 3188 1201 3253 XXXVlli.-annuu1auuu
1217 3198 1345 3252 aarum>

693 3331 833 3392 Domino
848 3329 955 3411 Popoe
972 3332 1125 3394 Adriano.

478 3481 650 3544 Druucrus
680 3480 766 3543 iilius
800 3493 906 3544 noster
938 3482 978 3543 R.
1016 3492 1126 3543 cantor
1157 3479 1390 3545 Lincolnieusis

433 3580 583 3657 ccclesiae,
599 3585 648 3646 vir
668 3583 845 3647 litterarum
869 3581 1058 3656 eruditione,
1074 3592 1106 3645 et
1127 3603 1250 3646 morum
1275 3582 1389 3646 hones-

434 3695 499 3747 tate
515 3681 695 3758 laudabilia,
711 3695 845 3766 urgente
867 3683 1061 3747 necessitatis
1082 3682 1228 3758 articulo,
1245 3682 1285 3745 ad
1307 3682 1388 3768 lapi-

432 3783 504 3848 dem
528 3783 691 3868 adjutorii‚
715 3806 923 3848 successorem
944 3782 1032 3846 Petri
1055 3783 1226 3868 confugere
1248 3781 1386 3865 cogit-ur,

433 3899 465 3950 et
480 3886 563 3950 sedis
585 3885 765 3971 apostolicas
788 3885 945 3949 auxilium
967 3882 1147 3968 implorare,
1164 3882 1251 3970 quod
1274 3881 1330 3944 illa
1353 3883 1385 3946 in

358 4062 361 4067 .
432 3986 611 4049 exhibenda
622 3988 750 4072 justitia
764 3988 928 4051 consuevit
944 3986 1092 4051 omnibus
1107 3985 1275 4071 impertiri.
1304 3976 1387 4055 cau-

433 4108 497 4148 sam
520 4087 600 4170 ejus,
618 4089 678 4149 etsi
697 4087 789 4150 nobis
811 4089 851 4151 ad
874 4086 1004 4172 plenum
1028 4110 1090 4150 nou
1111 4086 1243 4172 liqueat,
1261 4087 1385 4172 justam

431 4209 498 4251 esse
513 4185 717 4250 confidimus:
747 4210 803 4250 nec
818 4211 891 4251 eum
907 4213 949 4253 ex
969 4189 1159 4258 conscientia
1174 4187 1334 4251 credimus
1354 4188 1387 4251 in

432 4287 588 4351 laesioneni
602 4288 732 4351 alterius
744 4289 922 4371 transgredi
934 4289 1048 4354 lineam
1060 4290 1230 4376 aequitatis.
1257 4287 1389 4374 Suppli-

429 4409 537 4451 camus
558 4386 664 4472 itaquo
687 4387 853 4472 Majestati
873 4401 998 4469 vestrae,
1015 4404 1049 4453 ut
1074 4410 1239 4474 personam
1262 4389 1343 4473 ejus,
1361 4390 1385 4451 si
