3667 5475
454 759 515 822 llo
716 776 854 822 scaurus
869 775 1146 821 sarrasnnmansn
1318 760 1365 839 [s.
1382 779 1412 824 n.

444 928 490 992 eis
505 950 556 992 res
571 928 651 992 seria
668 927 836 1012 agebatur,
857 926 945 991 etad
969 949 1067 1013 quam
1090 928 1269 1012 praesertim
1292 930 1412 1015 cupide

444 1028 550 1094 luerat
581 1026 826 1114 properandum.
888 1030 997 1092 Vocati
1029 1029 1113 1093 enim
1143 1044 1247 1111 erant,
1277 1045 1409 1096 centum

442 1152 563 1194 marcas
588 1144 620 1195 et
651 1129 772 1217 aliquid
799 1129 938 1215 amplius
963 1132 1135 1218 accepturi.
1181 1132 1274 1198 Alter
1302 1146 1409 1199 tamen

441 1254 551 1296 eorum
569 1229 704 1316 vigilias,
720 1244 751 1294 et
773 1230 1021 1296 sollicitudinem
1037 1252 1126 1297 suam
1144 1232 1250 1299 doluit
1265 1258 1335 1299 esse
1354 1235 1410 1300 de-

444 1333 556 1409 lusam,
572 1353 611 1396 eo
626 1332 714 1418 quod
732 1332 792 1396 sibi
808 1331 888 1396 nihil
903 1347 1079 1419 acceperat.
1107 1334 1198 1400 Alter
1213 1335 1298 1403 enim

550 1447 638 1501 Omna
650 1448 711 1502 tulit
722 1454 854 1519 punctam,
867 1454 895 1500 et
906 1449 1012 1501 miscuit
1022 1449 1088 1503 utile
1100 1450 1178 1503 dulci.

442 1550 537 1615 Nunc
563 1550 738 1636 intelligam
769 1549 794 1613 si
821 1550 909 1635 viget
936 1549 968 1613 in
997 1562 1029 1615 te
1055 1552 1189 1638 spiritus
1215 1552 1407 1639 prophetiae,

441 1662 478 1715 ut
506 1648 697 1735 respondeas
722 1647 953 1725 incunctanter,
981 1649 1121 1713 utrinam
1148 1671 1257 1713 eorum
1286 1674 1337 1716 res
1363 1654 1404 1718 ad

442 1765 550 1818 votum
567 1750 707 1832 cesserit,
718 1772 784 1837 quo
800 1749 825 1812 si
840 1748 941 1813 fueris
955 1750 1144 1830 destitutus,
1155 1752 1284 1819 consule
1298 1754 1405 1821 adole-

441 1868 578 1919 scentem
602 1865 758 1932 nostrum,
778 1850 836 1937 qui
859 1852 1009 1938 quotiens
1028 1852 1151 1919 accedit
1173 1854 1215 1919 ad
1236 1877 1299 1935 me,
1323 1857 1403 1925 sicut

440 1955 575 2032 doctior,
602 1956 649 2019 ita
675 1954 799 2018 tenuior
828 1954 918 2018 abeo.
960 1955 1104 2041 Expedit
1131 1956 1215 2021 enim
1247 1969 1285 2023 ut
1315 1959 1403 2045 quod

442 2058 558 2144 loquor
584 2060 624 2122 sit
655 2056 877 2121 absconditum
906 2056 949 2120 ab
972 2056 1077 2122 oculis
1101 2060 1184 2144 ejus,
1205 2078 1245 2122 na
1270 2060 1296 2123 ai
1319 2060 1403 2126 sorte

441 2160 537 2224 trium
554 2158 711 2223 vocalium
727 2157 920 2222 collisionem
940 2158 1197 2245 deprehenderit,
1215 2160 1319 2247 turpis
1334 2162 1403 2226 soni

439 2277 471 2327 et
487 2259 671 2343 irregularis
686 2259 775 2324 verbi
792 2259 942 2324 mulctam
959 2283 1056 2347 cogar
1071 2260 1246 2327 exsolvere.
1272 2266 1358 2327 Nam
1370 2263 1402 2327 iu

439 2362 652 2453 patrocinium
672 2384 778 2426 meum
800 2362 968 2426 abusiones
990 2374 1157 2432 auctorum
1178 2364 1299 2428 frustra
1318 2387 1403 2450 praa·

437 2466 565 2533 tendam
581 2464 692 2551 juveni
714 2464 860 2551 regulare
880 2466 938 2550 jus
957 2466 1145 2550 opponenti,
1161 2476 1193 2529 et
1217 2464 1274 2552 qui
1293 2488 1401 2551 gram-

438 2569 563 2636 maticae
585 2568 752 2655 praeceptis
771 2567 927 2651 invigilat.
973 2566 1068 2645 Quod
1091 2566 1117 2633 si
1138 2579 1294 2632 secretum
1310 2566 1400 2633 istud

439 2673 564 2748 minori,
581 2683 618 2737 ut
638 2691 766 2760 poenam
788 2667 908 2754 exigat,
924 2669 1024 2733 frater
1038 2682 1146 2733 noster
1168 2667 1271 2753 major
1292 2669 1402 2756 prodi·

438 2775 534 2854 derit,
550 2789 587 2840 tu
611 2796 716 2839 meum
735 2793 873 2858 procura
895 2769 1072 2856 negotium,
1088 2769 1240 2856 dicasque
1262 2794 1324 2835 nun
1346 2792 1401 2857 ag-

435 2898 579 2964 gressum
610 2898 688 2956 esse,
715 2886 751 2939 ut
781 2895 854 2938 cum
885 2873 1097 2957 grammatico
1125 2872 1328 2938 adolescente
1358 2872 1400 2937 de

436 2977 643 3064 grammatica
663 2974 863 3052 contendam,
880 2972 935 3038 sed
954 2986 991 3039 ut
1013 2974 1273 3061 quibuscumque
1295 2975 1400 3040 verbis

435 3091 547 3166 potero
575 3079 668 3142 amici
696 3076 873 3141 Londoniis
900 3100 919 3139 a
946 3075 1113 3141 Cornubia
1140 3083 1267 3140 causam
1295 3097 1398 3162 agam.

435 3179 579 3257 Quodsi
601 3176 788 3242 alterutrius
809 3176 989 3262 periculum
1011 3175 1169 3251 imminet,
1193 3175 1294 3241 satius
1315 3177 1399 3241 duco

435 3302 508 3343 cum
525 3277 693 3364 dispendio
708 3278 938 3359 grammaticae,
949 3297 1076 3341 causam
1089 3278 1217 3352 lucrari,
1232 3299 1345 3364 quam,
1361 3288 1398 3344 ut

434 3376 1176 3464 grammaticeloquar,causaesubirejncturam.
1193 3382 1302 3453 Quum
1313 3378 1398 3443 enim

432 3479 499 3544 duo
525 3480 686 3565 quondam
712 3479 838 3565 patroni
865 3502 1046 3556 causarum,
1073 3502 1159 3545 nunc
1186 3490 1337 3566 pastores,
1361 3497 1399 3547 ut

436 3579 564 3660 dicitur,
579 3579 766 3661 animarum,
778 3592 809 3645 et
825 3581 928 3645 oliicio
944 3581 1096 3668 episcopi,
1114 3582 1319 3647 lexoviensis
1335 3581 1397 3646 sci·

433 3682 518 3759 licet,
528 3691 561 3747 et
575 3682 791 3755 Cicestrensis‚
801 3682 922 3768 dispari
932 3683 984 3746 via
999 3682 1218 3767 procederent,
1229 3696 1262 3747 et
1275 3687 1396 3747 Lexov.

430 3808 537 3850 causae
563 3783 671 3847 mallet
696 3784 799 3847 facere
825 3784 1065 3860 detrimentum,
1090 3805 1184 3869 quam
1213 3784 1314 3861 verbi,
1338 3787 1396 3870 qui

432 3908 517 3951 nunc
540 3886 703 3952 Cicestriae
726 3898 785 3963 est,
808 3889 836 3950 ei
860 3885 978 3971 pictam
1002 3885 1136 3950 cedebat
1160 3884 1315 3970 linguam,
1338 3885 1396 3949 sed

432 3986 588 4071 triumphi
617 3986 752 4069 gloriam
779 3985 925 4070 diligenti
951 4009 1058 4051 rerum
1084 3985 1286 4050 observantia
1313 3994 1396 4071 prae-

430 4085 586 4169 ripiebat:
622 4098 774 4150 neutrum
793 4089 915 4172 imitari
941 4088 1040 4164 valeo,
1066 4087 1122 4152 sed
1144 4087 1274 4154 alterius
1296 4087 1395 4152 credo

430 4182 629 4268 praet'erenda
649 4186 791 4271 vestigia.
827 4187 931 4270 Igitur
953 4212 1085 4275 agamus
1107 4189 1195 4276 quod
1218 4191 1340 4274 agitur,
1361 4199 1394 4253 et

431 4284 579 4370 pauperis
591 4283 728 4347 concivis
741 4287 840 4349 nostri
856 4309 982 4352 causam
995 4290 1114 4355 habeas
1126 4288 1392 4359 commendatam,

431 4383 529 4458 Quod
557 4396 592 4448 ut
623 4383 809 4469 diligentius
835 4387 942 4469 facias,
971 4389 998 4452 ei
1026 4390 1171 4476 crepidas
1200 4388 1287 4467 dedi,
1312 4409 1394 4474 quas
