3667 5475
407 760 582 839 tlte-8]
667 792 683 815 .
788 775 969 821 nersronn.
1309 758 1355 820 '28

399 952 439 993 eo
462 928 552 1015 quod
576 926 724 1013 ajudice
747 926 895 1013 delegato
920 893 978 989 nisi
1003 925 1045 990 ad
1070 922 1269 1010 delegantem
1299 947 1355 1009 ap-

399 1027 512 1114 pellari
527 1050 590 1093 non
607 1027 709 1093 liceat.
754 1025 845 1092 Alter
863 1027 974 1112 itaque
990 1023 1174 1091 Willelmus
1189 1026 1294 1089 statim
1311 1025 1353 1089 ad

398 1130 505 1195 sedem
527 1129 732 1217 apostolicam
753 1128 938 1216 appellavit,
959 1126 1042 1192 diem
1059 1129 1229 1214 praefigens
1250 1126 1353 1190 calen-

397 1232 457 1297 das
473 1232 593 1297 Maias.

573 1572 797 1637 EPISTOLA
819 1572 1002 1635 XX1.-—ao
1016 1591 1170 1640 sunonn.

734 1706 881 1768 Adriano
896 1707 1009 1789 Papo.

443 1844 551 1915 Quum
565 1839 647 1904 iuter
666 1838 846 1903 Robertum
863 1836 1087 1923 winegotum,
1102 1851 1134 1904 et
1150 1839 1350 1907 Willelmum

395 1941 439 2005 de
453 1940 674 2006 sturministra
690 1962 785 2026 super
800 1938 992 2026 quibusdam
1006 1941 1206 2027 parochianis
1220 1954 1252 2007 et
1267 1942 1351 2007 deci·

396 2043 470 2120 mis,
494 2042 623 2107 sedente
653 2042 821 2105 Adelelmo
849 2041 1073 2107 archidiacono
1104 2047 1248 2109 Dorsetae
1277 2067 1350 2110 con-

398 2144 552 2209 troversia
563 2157 753 2219 verteretur,
765 2143 929 2208 Robertus
944 2157 1072 2230 petente
1087 2168 1124 2208 ea
1139 2146 1198 2210 sibi
1214 2148 1351 2223 restitui,

394 2247 531 2333 eoquod
543 2246 716 2334 aliquando
729 2245 788 2311 sibi
800 2246 984 2332 adjudicata
995 2259 1027 2312 et
1037 2247 1196 2333 resignata
1204 2250 1350 2327 fuissent,

395 2350 486 2435 'quod
501 2363 533 2413 et
550 2350 684 2416 testibus
704 2372 737 2413 se
758 2348 893 2433 probare
915 2361 1062 2435 paratum
1082 2350 1253 2428 asserebat,
1271 2372 1351 2436 proe·

394 2449 505 2516 dictus
534 2451 728 2527 Willelmus,
758 2450 911 2514 adversus
948 2474 1043 2536 quem
1073 2464 1110 2515 ut
1141 2474 1349 2538 possessorem

396 2553 579 2639 petebatur,
593 2555 634 2618 ad
650 2566 789 2618 nostram
805 2553 1000 2618 audientiam
1015 2554 1202 2641 appellavit.
1241 2558 1349 2634 Quum

393 2656 504 2742 itaque
525 2669 633 2720 nostro
656 2679 688 2719 se
709 2655 895 2741 conspectui
917 2656 1012 2719 ambo
1034 2670 1289 2741 praesentassent,
1311 2681 1349 2721 eo

394 2755 483 2842 quod
498 2757 696 2834 Willelmus,
707 2757 782 2821 licet
797 2757 1017 2842 appellaverit,
1033 2757 1162 2819 minime
1177 2757 1349 2822 instructus

352 2853 365 2876 ⁵
394 2868 540 2933 venerat,
562 2856 602 2920 ad
623 2857 833 2922 venerabilem
854 2858 987 2921 fratrem
1002 2870 1145 2922 nostrum
1168 2857 1349 2923 Jocelinum

396 2957 665 3023 Saresbcriensem
679 2958 882 3023 diocesanum
897 2981 1007 3021 eorum
1022 2957 1204 3044 episcopum
1220 2982 1349 3024 causam

394 3057 549 3123 duximus
568 3032 804 3136 {mittendam
825 3059 883 3146 qui
903 3083 1004 3145 quum
1025 3061 1057 3124 in
1083 3061 1206 3148 synodo
1229 3084 1287 3126 sna
1308 3061 1349 3126 de

393 3183 490 3225 causa
516 3162 705 3228 sufficienter
727 3163 939 3248 cognovisset,
962 3164 1008 3227 ita
1030 3181 1062 3229 et
1084 3176 1121 3229 ut
1145 3164 1186 3227 ad
1209 3186 1349 3250 pronun-

393 3260 543 3326 ciandum
563 3263 795 3347 accingeretur,
811 3263 1003 3349 saepedictus
1022 3264 1078 3328 W.
1100 3262 1238 3329 secundo
1258 3263 1349 3328 audi-

392 3360 511 3426 torium
527 3363 712 3449 appellavit.
744 3364 850 3441 Quum
863 3376 970 3426 autem
983 3363 1035 3427 die
1046 3363 1252 3451 appellationi
1267 3387 1352 3452 prae·

391 3462 458 3527 fixe
472 3465 504 3528 in
520 3465 691 3551 praesentia
712 3473 821 3530 nostra
835 3466 930 3529 ambo
953 3465 1110 3549 litigaturi
1132 3467 1349 3550 consisterent,

392 3567 587 3653 saepedictus
613 3567 790 3646 Robertus,
815 3568 971 3654 petitione
1002 3590 1062 3631 sna
1088 3590 1183 3656 super
1205 3570 1348 3655 proefatis

391 3668 594 3755 parochianis
614 3683 646 3735 et
664 3668 796 3735 decimis
817 3674 975 3756 exposita,
991 3683 1055 3734 tres
1075 3683 1171 3735 testes
1192 3673 1347 3758 produxit

390 3769 583 3848 sacerdotes,
591 3772 701 3856 jurare
714 3785 841 3857 paratos
857 3795 889 3835 se
905 3785 1079 3857 praesentes
1090 3773 1231 3837 adfuisse
1247 3796 1346 3858 quum

389 3871 504 3937 ordine
535 3873 708 3958 judiciario
737 3874 958 3959 adjudicatum
989 3875 1094 3937 fuerat
1124 3874 1266 3938 Roberto
1290 3877 1347 3960 jus

390 3973 573 4060 parochiale
587 3976 674 4061 quod
695 3976 836 4063 petebat,
852 3999 926 4040 cnm
949 3975 1090 4040 decimis.
1137 3975 1262 4054 Quibus
1276 3978 1348 4043 dili-

389 4089 504 4162 genter
515 4079 715 4155 examinatis,
727 4090 759 4143 et
772 4078 847 4143 satis
862 4078 1072 4143 concordibus
1086 4077 1233 4155 inventis,
1245 4104 1347 4168 quum

385 4179 455 4262 jam
481 4192 556 4265 post
580 4192 728 4267 suscepta
754 4180 882 4245 testium
902 4181 1086 4265 juramenta
1110 4183 1348 4267 pronuntiaturi

392 4302 543 4356 essemus,
571 4281 784 4347 assidentibus
813 4282 905 4346 nobis
931 4280 1165 4346 venerabilibus
1193 4284 1346 4348 fratribus

391 4383 519 4462 nostris,
535 4383 664 4449 Hilario
680 4384 879 4459 Cicestrensi‚
896 4383 1045 4449 Gilberto
1061 4383 1298 4461 Herefordensi,
1314 4398 1346 4448 et
