3667 5475
446 758 506 816 tta
712 765 848 811 Joauurs
864 764 1142 810 sanasnnarnusrs
1305 744 1353 825 [a.
1372 766 1402 808 n.

441 919 525 983 euim
541 920 648 1006 aspiro
660 917 701 981 ad
716 916 770 980 illa
790 936 865 1001 quae
879 914 920 979 ad
937 915 1115 982 societatem
1132 938 1193 978 non
1209 913 1401 990 admittunt,

441 1034 496 1088 aut
512 1021 677 1099 dirimunt,
687 1033 742 1082 aut
761 1018 1016 1103 repugnantibus
1030 1016 1247 1093 arithmeticis,
1261 1016 1404 1102 physicis

440 1119 697 1196 reclamantibus,
712 1119 810 1182 immo
830 1120 948 1204 etipsa
971 1131 1119 1205 stupente
1141 1131 1266 1193 natura,
1282 1117 1403 1181 inseca-

441 1223 537 1288 bilem
555 1222 705 1289 dividuut
727 1219 891 1284 unitatem.
925 1219 1020 1285 Absit
1042 1232 1078 1285 ut
1093 1242 1154 1304 ego
1174 1242 1300 1284 causam
1317 1241 1402 1305 prro·

440 1325 532 1391 beam
548 1348 587 1389 ne
609 1325 641 1387 in
656 1321 846 1410 appetendis
868 1334 900 1385 et
915 1320 1078 1405 fugiendis
1101 1320 1142 1385 sit
1163 1320 1246 1385 idem
1270 1320 1352 1385 velle
1368 1333 1401 1386 et

439 1421 524 1488 idem
547 1422 629 1486 nolle
649 1421 681 1486 in
704 1419 808 1496 nobis,
823 1417 948 1482 mallem
974 1421 1087 1504 utique
1107 1441 1234 1506 operam
1258 1418 1347 1497 dare,
1362 1431 1401 1483 ut

440 1525 533 1590 nobis
548 1524 580 1588 in
597 1523 736 1588 Domino
751 1522 791 1586 sit
806 1544 860 1585 cor
877 1543 989 1597 unum,
1005 1536 1037 1585 et
1053 1523 1157 1595 anima
1173 1544 1246 1586 una.
1286 1520 1339 1586 Sic
1355 1524 1400 1586 sic

439 1625 630 1712 participant
653 1623 804 1688 inferiora
826 1622 1055 1707 superioribus,
1078 1636 1108 1688 et
1133 1626 1190 1700 sol,
1210 1644 1399 1708 quanquam

437 1726 650 1792 lucidissimus
662 1722 702 1790 sit
711 1737 744 1789 et
756 1722 956 1808 purissimus,
966 1746 1073 1788 amnes
1082 1737 1232 1809 cognatos
1243 1723 1398 1810 nubibus,

440 1839 472 1893 et
487 1828 658 1893 faeculenta
677 1840 770 1891 terrae
792 1824 834 1888 nd
850 1824 1061 1910 receptionem
1087 1826 1136 1890 sui
1160 1824 1273 1889 caloris
1295 1837 1327 1891 et
1353 1826 1398 1889 vi·

439 1930 526 2014 goris
540 1951 708 2014 agnoscere
724 1950 786 1991 non
803 1926 1005 2010 dedignatur.
1039 1926 1167 1992 Mutuis
1182 1927 1309 1993 auxiliis
1325 1950 1400 1991 con-

440 2043 525 2095 stant
541 2029 706 2105 omnia‚⁴et
727 2027 838 2112 gravia
861 2026 997 2090 vicissim
1022 2026 1146 2093 levibus
1166 2042 1399 2115 temperantur,

438 2145 470 2196 et
491 2131 634 2217 profecto
656 2152 694 2193 eo
717 2129 760 2193 sic
782 2129 925 2195 universa
949 2128 1139 2215 procedunt,
1162 2129 1250 2216 quod
1276 2143 1397 2195 tantam

440 2232 662 2297 dissidentium
679 2232 890 2311 concordiam,
905 2245 938 2296 et
950 2231 1152 2296 concordium
1169 2231 1400 2311 dissidentiam,

440 2335 524 2398 idem
537 2333 754 2399 unanimitatis
763 2334 905 2421 spirituS,
917 2334 1005 2399 intus
1018 2333 1086 2413 alit,
1097 2348 1129 2399 et
1139 2348 1176 2400 ut
1186 2334 1245 2399 sibi
1259 2336 1397 2401 invicem

439 2433 556 2498 vicario
570 2434 710 2520 quodam
723 2434 896 2500 ministerio
907 2447 1079 2498 consonent
1091 2434 1243 2509 mundani
1254 2438 1399 2522 corporis

438 2549 545 2624 partes
559 2536 647 2601 velut
663 2536 804 2600 membra
818 2535 969 2622 disponit.
1001 2535 1053 2600 Sic
1068 2536 1111 2599 sic
1127 2535 1159 2600 in
1175 2536 1314 2600 humano
1329 2560 1398 2601 cor-

437 2662 514 2725 pore
533 2638 592 2704 sibi
614 2638 747 2703 invicem
766 2638 909 2702 membra
930 2638 1126 2717 deserviunt,
1142 2651 1174 2703 et
1197 2638 1398 2723 singulorum

437 2741 541 2807 officia
566 2742 704 2828 publicis
736 2741 847 2815 usibus
872 2741 1088 2828 deputantur:
1120 2743 1237 2806 absunt
1263 2739 1397 2826 quidem

438 2846 506 2910 haec
517 2845 628 2932 magis,
639 2843 819 2919 illaminus,
832 2866 891 2930 pro
903 2841 986 2907 mole
1002 2843 1152 2926 corporis,
1165 2844 1219 2908 sed
1235 2843 1267 2918 in
1280 2844 1397 2910 effectu

438 2947 549 3012 salutis
570 2948 640 3033 ejus
661 2949 767 3010 omnia
790 2945 959 3015 uniuntur,
975 2948 1080 3009 varios
1102 2944 1220 3010 habent
1243 2946 1396 3011 affectus:

438 3049 491 3113 sed
520 3049 546 3112 si
574 3071 668 3113 usum
693 3048 805 3113 salutis
830 3070 954 3132 penses,
977 3047 1011 3110 in
1039 3047 1122 3110 idem
1151 3048 1299 3112 universa
1321 3073 1398 3114 con·

436 3165 579 3216 currunt.
626 3150 698 3214 Non
715 3163 819 3215 tamen
835 3151 942 3215 omnia
965 3164 1183 3236 coaequautur‚
1199 3150 1256 3216 sed
1272 3155 1396 3239 superi-

437 3252 547 3317 oribus
561 3252 712 3317 inferiora
727 3252 922 3318 deserviunt.
954 3252 1015 3318 Pes
1030 3254 1112 3318 enim
1128 3255 1186 3341 qui
1202 3267 1347 3319 versatur
1363 3254 1396 3318 in

433 3374 524 3414 coeno
543 3375 745 3438 nequaqnam
760 3353 879 3437 aspirat
902 3353 943 3417 ad
959 3354 1072 3442 capitis
1095 3356 1306 3441 dignitatem:
1337 3356 1393 3428 sed

433 3466 465 3518 et
489 3466 587 3538 caput
614 3453 701 3540 quod
730 3454 763 3518 in
790 3453 905 3518 coelum
938 3457 1084 3540 erigitur,
1112 3479 1173 3520 non
1204 3469 1395 3542 aspernatur

434 3554 546 3638 pedem
563 3556 620 3641 qui
637 3556 831 3621 versatur-in
847 3544 948 3622 ctieno.
996 3557 1047 3621 Sic
1067 3570 1099 3621 et
1114 3581 1182 3636 nos,
1198 3559 1225 3622 si
1248 3581 1312 3622 non
1328 3558 1433 3632 dis-12¹1

433 3654 542 3742 plicet,
565 3656 654 3722 vobis
674 3643 899 3737 cotitamurset
919 3659 1041 3723 vestris.
1081 3659 1152 3744 Ego
1173 3673 1283 3724 autem
1302 3660 1393 3746 quod

432 3757 633 3846 inpromptu
656 3759 757 3825 habeo
773 3758 944 3844 proferam,
961 3759 986 3822 si
1010 3773 1113 3824 tamen
1138 3783 1240 3846 nugas
1261 3761 1392 3832 serietas

430 3875 535 3925 vestra
549 3860 703 3946 dignatur
714 3860 894 3924 admittere.
918 3863 984 3924 Vos
1001 3859 1111 3945 itaque
1127 3860 1207 3925 seria
1222 3861 1388 3947 rependite

433 3959 538 4042 nugis,
551 3962 702 4044 quoniam
725 3973 756 4025 et
772 3983 831 4044 ego
854 3962 886 4023 in
903 3960 1022 4045 Apulia
1043 3973 1198 4046 expertus
1214 3983 1296 4035 sum,
1313 3960 1392 4046 quia

432 4057 472 4120 ad
489 4073 623 4144 stuppas
637 4083 752 4124 aurum
768 4060 966 4125 distrahitur.

477 4155 574 4220 Edidi
590 4158 707 4223 librum
722 4159 762 4222 de
780 4160 956 4227 Curialium
973 4162 1068 4248 nugis
1083 4175 1114 4225 et
1132 4161 1272 4248 vestigiis
1286 4147 1391 4248 philo-

432 4258 617 4342 sophorum‚
632 4259 689 4344 qui
713 4260 825 4333 mihia
848 4274 953 4324 vestro
968 4262 1107 4348 placebit
1128 4276 1184 4327 aut
1208 4262 1390 4349 displicebit

430 4358 577 4423 arbitrio:
601 4359 743 4424 incultus
757 4373 816 4437 est,
833 4375 863 4447 et
881 4382 921 4426 ex
938 4363 1042 4429 edicto
1055 4387 1125 4428 meo
1139 4387 1158 4428 a
1174 4363 1264 4428 vobis
1279 4363 1390 4429 amieis
