3667 5475
435 789 475 845 84
683 798 820 841 mansis
837 798 1114 842 sanususmnnsrs
1295 781 1342 859 [a.
1362 797 1398 839 o.

436 963 561 1014 centum
591 950 682 1011 annis
711 948 851 1035 possedit
878 947 1036 1012 mutilare.
1075 948 1257 1033 Stupebant
1286 959 1397 1010 autem

436 1074 545 1115 omnes
564 1073 659 1135 super
683 1050 762 1113 tanti
780 1073 878 1112 ausus
894 1049 1067 1133 pertinacia
1082 1049 1251 1135 impunita.
1283 1051 1396 1126 Quum

436 1166 543 1216 autern
561 1151 704 1236 quinque
719 1165 776 1215 aut
792 1164 912 1236 septem
929 1152 1150 1236 interjacentes
1173 1150 1345 1234 parocbiae,
1361 1162 1397 1214 ut

436 1255 536 1327 aiunt,
562 1252 697 1316 oculatae
727 1253 814 1328 fidei,
846 1252 1047 1316 manifestent
1077 1252 1227 1327 fundum,
1258 1250 1299 1314 de
1331 1275 1399 1337 quo

435 1355 554 1441 agitur,
566 1354 654 1418 nullo
669 1354 765 1418 modo
780 1354 820 1416 ad
835 1354 1029 1416 Cistrensem
1046 1353 1208 1416 ecclesiam
1221 1352 1401 1437 pertinere:

434 1470 523 1521 erant
540 1478 668 1541 quoque
681 1470 851 1542 praesentes
866 1454 983 1530 clerici,
997 1458 1054 1538 qui
1070 1454 1130 1517 sibi
1147 1455 1210 1516 vim
1227 1466 1259 1517 et
1274 1466 1399 1518 atroces

434 1558 679 1644 injuriasillatas
695 1558 922 1644 querebantur,
935 1571 966 1620 et
983 1557 1095 1620 vicinis
1111 1556 1276 1620 constabat
1293 1556 1396 1619 omni-

434 1661 503 1740 bus,
526 1660 614 1746 quod
641 1659 759 1723 eisdem
783 1659 983 1745 parochianis
1006 1658 1188 1723 sacerdotes
1211 1657 1313 1721 nostri
1338 1682 1397 1744 per

435 1777 538 1826 totum
554 1785 672 1825 annum
687 1764 793 1826 omnia
808 1761 915 1825 divina
928 1760 1117 1825 ministrant.
1145 1762 1225 1823 Haec
1242 1774 1273 1824 et
1291 1760 1397 1825 multo

434 1864 528 1950 plura
543 1863 582 1926 ad
599 1865 763 1927 dominum
784 1862 1071 1947 archiepiscopum,
1088 1880 1119 1927 et
1145 1887 1203 1949 pro
1224 1877 1329 1948 parte,
1345 1886 1397 1926 me

434 1968 548 2043 invito,
567 1966 691 2049 prolata
714 1977 799 2041 sunt,
816 1964 958 2050 adeoque
982 1965 1125 2050 undique
1149 1964 1396 2042 conclamatum,

439 2079 475 2128 ut
491 2079 522 2128 et
538 2090 599 2150 ego
614 2065 654 2128 de
669 2064 821 2128 dilatione
843 2066 1027 2129 nonnullam
1044 2066 1252 2153 suspicionem
1271 2080 1399 2130 contra·

433 2166 549 2227 herem.
575 2165 715 2250 Praecepi
732 2188 808 2247 ergo
825 2183 860 2230 ut
876 2180 1078 2230 contumaces
1094 2167 1302 2253 parochianos
1320 2191 1396 2231 suos

433 2280 566 2341 vestros,
577 2268 658 2330 sicut
671 2268 809 2331 decanus
821 2283 852 2332 et
865 2269 1007 2354 synodus
1018 2270 1183 2346 suadebat,
1197 2271 1395 2334 anathemati

432 2369 629 2452 subjugaret.
663 2371 735 2453 Ego
760 2393 834 2432 vero
859 2371 910 2433 die
936 2373 1081 2456 sequenti
1105 2373 1165 2435 hoc
1189 2371 1235 2435 illi
1260 2370 1395 2445 decano,

432 2468 554 2531 caeteris
562 2467 775 2547 audientibus,
787 2471 868 2533 sicut
880 2472 1061 2557 injunctum
1075 2473 1180 2537 fuerat
1192 2471 1394 2536 denuntiavi.

433 2573 478 2636 Et
501 2571 568 2635 hacc
591 2585 637 2634 est
659 2572 713 2635 illa
741 2595 808 2636 mea
831 2574 998 2649 sententia,
1026 2598 1120 2659 quam
1147 2598 1187 2638 ex
1209 2568 1395 2659 ignorantia

428 2676 512 2760 juris
527 2674 712 2760 processisse
728 2689 833 2740 vestra
848 2675 997 2740 discretio
1014 2676 1222 2762 deprehendit
1235 2688 1266 2740 et
1281 2697 1395 2762 repre·

432 2778 552 2842 bendit.
589 2779 646 2839 Me
661 2779 686 2839 si
702 2778 835 2863 quidem
859 2801 1001 2843 sermone
1018 2790 1049 2841 et
1065 2779 1195 2842 scientia
1210 2778 1313 2842 fateor
1330 2777 1394 2842 im·

431 2882 580 2964 peritum,
595 2893 627 2942 et
650 2880 707 2964 qui
724 2903 808 2942 nunc
827 2879 948 2944 sufficio
968 2883 1086 2944 intueri
1108 2880 1262 2966 quicquid
1280 2883 1390 2944 volue-

433 2982 502 3045 ritis
513 2983 710 3066 impugnare.
735 2983 816 3043 Nam
830 2981 869 3043 ad
883 2983 943 3045 hoc
956 2985 1027 3066 quis
1039 2981 1190 3047 idoneus?
1212 2981 1271 3044 Sed
1285 2984 1392 3047 nescio

389 3125 395 3132 ι
431 3106 471 3146 an
495 3106 533 3144 ex
557 3094 662 3144 vestra
688 3082 858 3165 prudentia
884 3083 972 3147 istud
1000 3086 1198 3169 processerit,
1222 3082 1309 3168 quod
1331 3083 1391 3160 illi,

433 3186 489 3270 qui
505 3205 627 3267 semper
644 3195 759 3246 nostrae
775 3183 904 3247 fuerunt
921 3184 1137 3269 jurisdictioni
1152 3185 1300 3269 subjecti,
1315 3207 1391 3248 con-

431 3286 582 3370 cipientes
592 3283 737 3367 spiritum
750 3285 913 3369 sapientiae
924 3286 1112 3370 grandioris,
1124 3285 1195 3367 [ad]
1211 3287 1393 3350 vocationes

431 3377 530 3460 itlius,
541 3385 604 3459 cui,
614 3371 676 3447 etsi
689 3406 752 3447 non
764 3386 932 3473 episcopali
943 3390 1030 3475 jure,
1041 3401 1145 3454 tamen
1157 3389 1392 3474 metropolitico

435 3485 570 3572 subjecti
586 3486 727 3566 suerunt,
739 3488 903 3573 dedignati
916 3502 990 3553 sunt
1006 3491 1107 3578 facere
1123 3491 1244 3576 copiam
1262 3494 1323 3569 sui,
1339 3493 1391 3555 vel

432 3589 471 3652 ad
486 3589 554 3653 haec
571 3605 606 3653 ut
618 3589 679 3651 fori
692 3591 929 3676 praescriptione
943 3605 1116 3656 uterentur.
1142 3591 1213 3653 Scio
1223 3591 1306 3654 enim
1319 3593 1389 3656 haec

432 3716 471 3755 ex
487 3691 552 3756 alto
567 3691 754 3777 processisse
769 3692 907 3754 consilio.
934 3693 1005 3755 Non
1022 3703 1125 3754 tamen
1143 3692 1210 3753 haec
1226 3691 1331 3776 allego
1347 3693 1389 3755 ad

431 3794 665 3860 excusationem
678 3793 750 3870 mei,
764 3793 789 3855 si
801 3817 851 3856 me
862 3815 929 3857 esse
942 3793 1079 3879 inculpa
1091 3793 1387 3878 pronuntiaveritis

431 3898 507 3980 quia
519 3897 601 3960 malo
617 3920 635 3958 a
651 3893 740 3958 vobis
756 3896 876 3958 veniam
894 3897 1067 3979 postulare,
1079 3918 1174 3980 quam
1194 3895 1240 3957 uti
1258 3896 1390 3960 rationi·

431 3997 491 4056 bus
502 3998 596 4080 juris,
611 4009 642 4059 et
658 3998 794 4080 allegare
811 3998 995 4060 mandatum
1013 3997 1154 4072 Domini,
1171 4009 1202 4059 et
1218 3997 1388 4061 necessita·

433 4107 493 4154 tem
515 4096 720 4181 obsequendi.
751 4099 800 4161 Ad
825 4100 947 4184 reliqua
970 4105 1097 4164 seorsim
1123 4099 1387 4186 respondebitur:

433 4195 561 4258 consulo
592 4210 694 4258 tamen
725 4211 759 4259 ut
789 4203 959 4263 Dominum
989 4226 1092 4266 meum
1120 4216 1193 4265 ante
1219 4201 1387 4266 concilium

432 4295 573 4359 videatis.
