3667 5475
434 785 451 838 4
689 793 823 837 ioannis
838 791 1114 837 sanasnnumnsrs
1295 776 1345 854 [a.
1365 789 1400 841 ι).

435 967 507 1007 eum
539 944 570 1007 in
601 942 753 1006 comitatu
785 942 923 1028 quodam
961 943 1105 1007 extitisse
1134 943 1302 1018 laicorum,
1335 947 1398 1030 qui

434 1045 628 1131 praecipitem
646 1057 814 1128 sequentes
826 1044 1049 1120 temeritatem,
1062 1044 1270 1109 homicidium
1285 1048 1398 1130 quod·

435 1147 509 1210 dam
541 1145 749 1209 inconsultius
785 1154 1055 1230 perpetraverunt.
1104 1146 1176 1231 Ipse
1212 1160 1321 1212 autem
1359 1150 1396 1211 in

434 1249 585 1312 comitatu
608 1248 757 1321 existens,
778 1269 850 1309 eum
872 1248 929 1332 qui
951 1262 1060 1333 postea
1085 1248 1208 1312 occisus
1226 1249 1302 1324 fuit,
1325 1272 1395 1314 non

434 1350 539 1413 animo
564 1348 737 1426 occidendi,
768 1348 820 1410 scd
848 1362 883 1411 ut
916 1349 1020 1412 furem
1055 1350 1111 1435 qui
1135 1351 1163 1413 ei
1197 1352 1395 1417 vestimenta

435 1451 640 1514 sacerdotalia
660 1450 747 1513 furto
768 1447 983 1527 subtraxerat,
999 1452 1260 1537 persequebatur.
1308 1455 1393 1518 Fra·

435 1566 498 1617 tres
517 1568 623 1617 autem
643 1553 714 1637 ejus
735 1552 767 1614 in
789 1552 1008 1637 persequendo
1028 1575 1066 1616 eo
1088 1554 1182 1617 citius
1197 1552 1394 1635 incedentes,

339 1662 343 1669 '
423 1656 536 1719 ‘furem
553 1678 625 1718 cum
648 1654 835 1718 vestimento
857 1656 1020 1719 consecuti
1044 1668 1129 1729 sunt,
1146 1667 1178 1719 et
1193 1678 1231 1718 eo
1246 1654 1392 1735 vidente,

436 1771 471 1822 ut
495 1757 761 1842 subsequebatur,
783 1770 1004 1832 veruntamen,
1031 1768 1066 1820 ut
1089 1757 1222 1833 fatetur,
1245 1756 1390 1834 nolente,

434 1860 538 1923 iurem
563 1858 793 1943 deprehensum
820 1857 1081 1922 trucidaverunt:
1106 1859 1221 1922 exinde
1248 1857 1390 1924 evolutis

433 1960 542 2045 paucis
565 1959 678 2021 diebus
700 1957 740 2020 ab
763 1957 984 2020 archidiacono
1007 1960 1048 2022 ab
1069 1960 1189 2024 ordinis
1212 1960 1261 2025 sui
1283 1960 1389 2025 officio

433 2079 604 2142 suspensus
626 2071 685 2133 est,
701 2078 740 2119 eo
761 2057 849 2142 quod
873 2059 963 2122 sedes
988 2060 1198 2125 Eboracensis
1218 2072 1287 2125 tum
1304 2076 1387 2126 tem·

432 2160 518 2245 poris
556 2161 706 2223 vacabat:
746 2161 952 2224 nihilominus
988 2163 1020 2225 in
1058 2161 1244 2228 diaconatus
1282 2164 1388 2228 officio

433 2260 609 2325 ministrare
639 2265 851 2345 praesumpsit.
898 2263 984 2340 Quid
1016 2280 1122 2328 autem
1153 2288 1256 2351 poenae
1285 2265 1313 2327 ei
1345 2267 1387 2329 ad

433 2362 693 2445 peregrinationis
716 2362 867 2425 indicium
891 2386 1015 2426 crucem
1035 2366 1159 2448 gerenti
1174 2363 1386 2449 infligendum

434 2464 485 2541 sit,
500 2476 604 2526 vestra
621 2464 797 2528 sublimitas
812 2466 1003 2550 providebit.

617 2805 836 2867 EPISTOLA
884 2806 1198 2867 lV.—nununonsr.

692 2940 833 3000 Domino
846 2960 944 3020 papea
961 2940 1118 3001 Adriano,

475 3073 578 3145 Quum
595 3071 677 3131 inter
694 3069 881 3151 magistrum
901 3067 1075 3131 Ricardum
1101 3067 1383 3134 Licheffeldensem

431 3184 463 3235 et
491 3169 663 3234 Osbertum
689 3167 729 3230 de
758 3172 829 3230 icco
852 3191 948 3253 super
971 3168 1100 3232 ecclesia
1123 3168 1289 3233 Bradeleia
1310 3194 1384 3234 con-

430 3271 583 3336 troversia
598 3283 677 3333 esset
694 3270 725 3331 in
738 3269 897 3332 auditorio
911 3271 1087 3334 Cestrcnsis
1102 3270 1239 3356 episcopi
1256 3272 1382 3337 diutius

429 3386 601 3459 protracta,
627 3372 753 3435 tandem
774 3371 813 3435 ad
839 3371 1033 3435 audientiam
1061 3386 1198 3435 nostram
1226 3373 1382 3438 translata

430 3490 478 3540 est
504 3499 559 3562 per
586 3474 841 3560 appeliationem.
888 3475 1039 3538 Partibus
1070 3474 1177 3558 itaque
1208 3498 1225 3535 e
1252 3479 1382 3559 regione

430 3578 622 3656 constitutis,
640 3580 708 3662 jam
732 3577 836 3640 dictus
865 3575 1024 3639 Ricardus
1054 3590 1258 3640 memoratam
1286 3577 1383 3640 eccle-

430 3683 507 3747 siam
532 3680 592 3745 sibi
619 3681 742 3744 restitui
775 3680 960 3764 postulavit,
986 3678 1094 3744 dicens
1124 3702 1192 3742 earn
1223 3681 1382 3765 pertinere

428 3786 518 3874 quasi
541 3783 693 3870 capellam
717 3783 757 3845 ad
781 3782 944 3845 ecclesiam
970 3803 1057 3844 suam
1086 3794 1117 3843 et
1143 3796 1380 3846 antecessorum

429 3911 571 3964 suorum,
589 3885 737 3950 Willelmi
755 3882 872 3947 scilicet
887 3897 919 3947 et
939 3882 1087 3956 Walteri,
1105 3893 1258 3968 tempore,
1273 3882 1382 3968 quiete

428 4003 460 4052 et
491 3990 583 4074 pleno
609 3989 682 4070 jure
713 3987 810 4048 suisse
839 4006 1026 4067 possessam.
1079 3983 1129 4047 Ad
1162 3984 1230 4047 haec
1269 3984 1382 4048 Helias

431 4087 579 4150 Stafford.
603 4084 721 4147 archid.
745 4085 896 4168 processit
919 4084 951 4145 in
976 4083 1127 4164 medium,
1143 4107 1283 4149 asserens
1299 4085 1381 4171 peti·

429 4191 546 4251 tionem
578 4187 657 4248 hanc
688 4183 814 4245 minime
840 4183 980 4245 Ricardo
1013 4199 1202 4270 competere,
1228 4210 1266 4248 eo
1291 4187 1379 4270 quod

428 4288 630 4374 praebendam
655 4285 814 4370 quandam
840 4284 999 4348 Ricardus
1025 4287 1057 4347 in
1085 4287 1221 4372 praefata
1250 4287 1382 4351 ecclesia
1415 4319 1421 4331 ¹

400 4408 405 4414 ’
429 4390 619 4478 possidebat,
634 4401 666 4450 et
688 4388 715 4449 ei
739 4397 820 4448 esset
839 4387 879 4448 ab
900 4387 1047 4472 episcopo
1072 4390 1230 4453 Cestrensi
1252 4390 1380 4468 donata,
