3667 5475
462 760 521 820 lue
723 776 860 821 scaurus
876 776 1155 821 sanusuuuruusrs
1222 743 1226 749 ⁸
1317 760 1363 839 [A.
1380 780 1409 823 n.

240 915 392 1012 [ΜΠ
460 926 587 991 bentes:
614 930 785 991 Mouemur
799 936 829 991 et
845 932 993 1010 temporie
1011 929 1227 993 diuturnitate
1242 950 1304 1010 quo
1319 932 1410 1011 iguo

457 1025 567 1087 rnmtia
582 1029 675 1107 juris
700 1029 737 1091 iu
760 1031 964 1092 matrimonio
990 1031 1146 1091 auunculi
1171 1031 1222 1091 tui
1234 1033 1355 1113 fuisti,
1381 1037 1412 1094 et

457 1130 541 1207 qarod
560 1129 599 1190 al>
618 1136 693 1193 auio
714 1138 772 1194 tun
793 1134 947 1194 collocata
962 1153 1005 1203 es,
1026 1139 1056 1193 et
1076 1151 1210 1194 numero
1228 1119 1410 1196 liberorum.

456 1230 643 1312 Idcircoque
663 1253 760 1313 quum
783 1238 850 1295 tec
871 1234 979 1294 ommia
1009 1236 1047 1294 im
1071 1252 1175 1295 amum
1201 1244 1411 1308 concurrunt,

457 1331 682 1411 confirmamus
700 1341 822 1396 etatum
843 1334 1013 1396 liberorum
1035 1340 1211 1397 aestrorum
1234 1337 1269 1397 im
1289 1357 1325 1398 eo
1346 1357 1413 1398 mo-

457 1439 610 1498 trimouio
624 1441 836 1517 quesitorem,
852 1436 937 1516 quod
950 1444 1028 1497 ante
1043 1454 1147 1497 ammos
1160 1438 1196 1497 ut
1211 1444 1412 1501 contractum

456 1543 513 1611 eat,
534 1540 671 1618 perinde
692 1559 732 1600 ac
752 1540 781 1600 ei
799 1538 939 1619 legitime
959 1538 1101 1617 concepti
1120 1544 1232 1600 essent.
1280 1538 1313 1600 Si
1334 1558 1412 1623 ergo

457 1650 547 1702 tanta
561 1650 609 1702 est
629 1638 796 1703 clementia
816 1637 1015 1702 saecularium
1035 1635 1228 1722 principum,
1245 1650 1279 1703 ut
1301 1639 1411 1703 favore

457 1739 641 1819 liberorum,
660 1741 755 1806 etiam
778 1739 913 1805 incestui
936 1750 1079 1823 parcant,
1102 1760 1248 1824 quaenam
1271 1739 1332 1804 erit
1354 1739 1411 1804 au·

456 1839 548 1905 dacia
563 1840 816 1907 Christianorum
833 1838 1029 1925 pontificum,
1043 1852 1080 1903 ut
1095 1862 1158 1910 eos,
1175 1861 1257 1925 quos
1272 1839 1411 1904 ecclesian

458 1941 547 2007 sinus
573 1942 714 2029 legitime
739 1954 908 2027 conceptos
934 1940 1046 2017 edidit,
1074 1939 1217 2004 inaudita
1243 1941 1411 2007 severitate

456 2045 688 2108 condemnent?
727 2048 835 2118 Quum
866 2044 975 2128 itaque
1002 2042 1070 2107 haec
1096 2042 1169 2106 hine
1195 2042 1269 2106 inde
1296 2064 1412 2130 propo-

457 2157 619 2218 nerentur,
646 2155 679 2206 et
707 2144 748 2207 ad
778 2144 981 2227 probationes
1007 2143 1147 2228 partium
1178 2143 1412 2230 producendas,

456 2244 584 2309 tandem
610 2243 678 2306 fere
701 2245 733 2306 in
764 2244 826 2306 fine
852 2243 981 2325 biennii,
1009 2244 1077 2308 dies
1104 2246 1338 2331 peremptorius
1366 2248 1412 2311 eis

456 2348 610 2430 praefixus
639 2359 731 2421 esset,
761 2358 833 2431 post
872 2346 1053 2423 dilationes,
1085 2370 1165 2431 quas
1193 2359 1298 2432 partes
1328 2370 1412 2411 eme-

457 2461 597 2522 ruerant,
620 2470 674 2510 rea
700 2461 803 2512 tamen
834 2448 1047 2533 frequentius,
1070 2460 1181 2533 utpote
1210 2470 1283 2533 quae
1312 2448 1412 2513 inter·

459 2548 603 2611 veniente
618 2548 787 2633 puerperio
802 2547 902 2611 aliave
917 2546 1113 2624 infirmitate,
1129 2559 1185 2611 aut
1199 2570 1238 2611 ex
1254 2548 1358 2632 justa,
1374 2560 1411 2611 ut

457 2649 761 2730 ducebatur‚mariti
776 2650 919 2714 absentia
935 2673 966 2712 se
979 2648 1164 2727 excusabat,
1179 2663 1210 2713 et
1225 2648 1295 2736 ipsa
1308 2649 1411 2714 missis

455 2755 705 2831 excusatoribus,
729 2776 818 2817 suam
843 2753 883 2817 ab
907 2753 1091 2817 infirmitate
1116 2752 1289 2817 absentiam
1316 2776 1410 2819 excu-

456 2870 549 2935 saret,
576 2855 735 2922 Ricardus
765 2855 805 2919 ad
836 2869 973 2919 vestram
1004 2854 1198 2918 audientiam
1224 2854 1409 2940 appellavit,

457 2957 624 3041 praefigens
647 2959 845 3020 Dominicam
867 2980 934 3042 quo
953 2958 1146 3033 cantabitur,
1168 2959 1296 3021 Lutare
1314 2957 1411 3022 Jeru-

456 3063 564 3133 salem,
579 3063 610 3122 in
632 3082 669 3120 eo
692 3081 723 3120 se
743 3070 910 3142 gravatum
932 3080 1072 3122 asserens
1096 3059 1181 3143 quod
1204 3057 1411 3122 dilationibus

453 3161 520 3244 jam
537 3159 603 3221 fere
619 3158 745 3220 biennio
762 3171 895 3221 vexatus
919 3174 998 3236 erat,
1015 3172 1046 3223 et
1063 3159 1321 3244 tergiversatione
1342 3183 1411 3224 mu·

457 3261 541 3323 lieris
556 3259 685 3322 delusus
701 3280 739 3320 ne
749 3258 909 3344 justitiam
926 3262 1075 3345 consequi
1092 3275 1206 3346 posset.

505 3489 721 3553 EPISTOLA
747 3491 906 3554 XC.-an
930 3509 1221 3555 uaurnonommuu
1243 3510 1362 3555 aucur-

724 3611 897 3655 nracouuu
914 3611 1144 3657 uxourussuu.

458 3727 619 3809 Mopistro
631 3729 670 3791 B.
688 3729 912 3791 archidiacono
926 3727 1117 3806 Emoniemei,
1129 3729 1280 3793 Salutem
1295 3737 1327 3790 et
1333 3749 1412 3811 qro-

512 3834 591 3894 tiam
607 3833 764 3913 Spiritma,
781 3833 837 3911 qui
852 3831 896 3890 ad
905 3830 1026 3893 ‚bootem
1042 3832 1195 3892 universa
1210 3831 1359 3912 disponit.

503 3967 664 4027 Douluus
684 3976 787 4026 tecum
812 3961 863 4038 sit,
886 3958 1091 4025 dilectissime
1114 3963 1303 4041 amicorum,
1325 3974 1357 4025 et
1381 3976 1413 4026 te

457 4062 489 4125 in
507 4062 666 4126 soliditate
682 4063 838 4126 virtutum
861 4063 1013 4138 stabiliat,
1031 4075 1066 4124 ut
1089 4085 1292 4147 nequaquam
1317 4086 1413 4128 arun-

458 4161 552 4224 dinea
566 4162 749 4225 infirmitate
764 4163 930 4244 frangaris,
948 4185 1004 4224 nec
1026 4184 1149 4225 ornnem
1174 4162 1315 4246 ejusdem
1333 4161 1410 4225 levi·

459 4275 524 4324 tate
539 4260 667 4344 agiteris
684 4260 724 4324 ad
747 4283 867 4323 aurem.
915 4261 1031 4340 Fortis,
1047 4276 1078 4327 et
1102 4276 1278 4348 potensest
1299 4263 1410 4326 Domi-

459 4384 518 4428 nus
544 4363 752 4438 exercituum,
777 4360 926 4446 idemque
953 4363 1092 4427 suaviter
1122 4363 1262 4450 disponit
1292 4363 1410 4443 omnia,
