3667 5475
447 777 510 837 214
714 787 1142 835 sotumsssansnumaus1s
1306 771 1353 852 [s.
1370 792 1402 837 n.

449 941 515 1015 bus,
536 941 573 1002 iu
595 940 694 1003 medio
715 940 787 1019 ejus
807 940 1032 1021 suspendimus
1053 960 1176 1024 orpuna
1199 951 1323 1007 uestro.
1345 947 1402 1022 dfe.

448 1045 494 1108 Et
515 1043 556 1105 ab
579 1042 640 1106 hac
667 1042 797 1127 quidem
820 1039 982 1127 opinione,
1005 1044 1131 1125 vulgata
1152 1065 1218 1107 non
1241 1044 1401 1124 dissentit,

448 1144 531 1208 siout
542 1142 685 1205 Isidorus
696 1152 871 1205 attestatur.
909 1142 1013 1208 Iidem
1025 1144 1189 1226 prophetae
1201 1146 1401 1229 scripserunt

446 1242 627 1306 Danielem.
672 1244 755 1306 Nam
778 1244 896 1306 Daniel
909 1252 941 1305 et
957 1254 1088 1326 propter
1110 1266 1251 1321 causam,
1267 1268 1341 1330 quae
1363 1248 1398 1310 in

447 1343 622 1406 Ezechiele
636 1340 762 1410 reddita
780 1353 839 1419 est,
856 1366 889 1407 se
912 1366 931 1407 a
953 1339 1186 1426 scriptitatione
1208 1346 1400 1429 suspendit:

447 1458 479 1508 et
509 1444 585 1529 quia
611 1445 865 1529 prepediebatur
888 1445 1215 1511 administrationibus
1244 1448 1396 1531 publicis.

446 1546 548 1609 iidem
565 1566 693 1629 quoque
708 1557 771 1609 tres
792 1546 969 1630 prophetae,
984 1558 1016 1610 et
1038 1548 1263 1611 conscholares
1285 1570 1395 1613 eorum
1454 1557 1458 1567 ‘

445 1648 701 1731 conscripserunt
727 1648 846 1711 libmm
874 1648 979 1726 Ester,
1006 1670 1101 1732 quem
1130 1650 1258 1731 vulgata
1283 1650 1395 1734 opinio

444 1749 486 1810 ab
516 1747 624 1812 Esdra
651 1748 863 1830 compositum
892 1750 1015 1827 asserit,
1038 1750 1156 1813 librum
1185 1772 1315 1834 quoque
1344 1770 1395 1819 x11

444 1847 686 1933 Prophetarum,
711 1870 804 1932 quem
831 1850 944 1930 vulgus
973 1850 1013 1914 ab
1039 1850 1118 1934 ipsis
1146 1850 1194 1913 xii
1222 1849 1395 1934 'Prophetis

406 2002 408 2006 ,
443 1950 656 2033 compositum
667 1959 764 2022 tenet.
787 1949 1056 2015 Praefatusautem
1067 1952 1244 2024 Philocum
1257 1972 1395 2035 sequen-

444 2049 531 2112 tibus
554 2050 620 2112 suis
642 2051 786 2132 superius
807 2050 992 2128 nominatis,
1014 2062 1205 2115 memoratos
1227 2062 1291 2115 tres
1313 2053 1394 2115 Pro·

443 2150 556 2233 phetas
578 2149 675 2233 hujus
698 2150 771 2215 libri
794 2160 827 2217 et
849 2151 1112 2233 precedentium,
1133 2163 1169 2216 ut
1191 2152 1314 2217 dictum
1335 2163 1395 2232 est,

441 2249 552 2313 laudat
566 2259 720 2313 auctores.
764 2250 848 2321 Quia
862 2252 947 2313 enim
963 2253 1075 2315 breves
1089 2264 1178 2315 erant
1193 2254 1391 2335 singulorum

441 2352 589 2428 visiones,
611 2350 687 2413 satis
709 2351 809 2421 risum
832 2370 881 2419 eat
901 2352 981 2435 ipsis
1002 2354 1177 2441 prophetis,
1199 2376 1254 2417 eas
1275 2356 1393 2439 praedi-

441 2450 546 2523 cando
561 2451 736 2535 publicare,
751 2461 784 2515 et
805 2452 850 2516 sic
866 2453 938 2515 aliis
960 2453 1151 2517 demandare
1169 2456 1390 2539 scriptoribus,

439 2553 615 2635 praesertim
642 2574 740 2636 quum
769 2553 899 2636 quidam
928 2575 1037 2617 eorum
1065 2556 1177 2619 rustici
1205 2556 1334 2638 fuerint,
1360 2569 1393 2622 et

439 2664 594 2736 pastores,
610 2666 665 2717 aut
679 2654 752 2716 aliis
766 2655 882 2717 officiis
897 2654 1010 2731 dediti,
1020 2656 1193 2743 litterarum
1210 2658 1308 2721 luisse
1323 2680 1391 2722 cre·

438 2755 553 2819 dantur
568 2756 678 2837 ignari.
711 2756 846 2819 Librum
861 2757 1058 2819 Psalmorum
1076 2759 1258 2840 composuit
1271 2759 1391 2837 Dauid,

437 2869 530 2919 utens
544 2856 704 2919 interdum
718 2856 894 2919 ministerio
910 2856 1058 2933 virorum,
1069 2859 1125 2942 qui
1139 2859 1172 2920 in
1189 2860 1388 2942 quorundam

436 2957 635 3029 Psalmorum
650 2956 750 3018 titulis
764 2954 974 3017 ascribuntur.
1004 2955 1145 3018 Fuerunt
1160 2968 1266 3018 autem
1280 2957 1315 3018 hi
1330 2956 1388 3018 riri

437 3078 471 3133 x,
492 3057 546 3139 qui
567 3057 645 3120 licet
665 3057 789 3138 aliquos
811 3055 958 3118 Psalmos
979 3056 1228 3137 composuerint,
1243 3056 1333 3138 quod
1356 3069 1388 3120 et

436 3159 576 3238 vulgata,
593 3179 686 3240 quam
702 3145 845 3218 Isidorus
859 3156 965 3228 refert,
982 3177 1046 3218 non
1063 3168 1160 3236 negat
1174 3159 1295 3239 opinio,
1311 3170 1389 3221 atta-

436 3278 508 3316 men
536 3277 646 3321 omnes
671 3256 790 3318 Psalmi
818 3256 970 3319 dicuutur
994 3277 1063 3319 esse
1090 3257 1235 3337 Daridis,
1257 3259 1314 3340 qui
1340 3259 1389 3322 eis

409 3435 412 3440 ι
437 3376 526 3416 snam
547 3355 801 3417 accommodarit
821 3357 1052 3435 auctoritatem,
1065 3357 1162 3441 juxta
1180 3357 1265 3442 quod
1283 3361 1307 3421 J
1309 3360 1387 3422 usti·

434 3456 550 3517 nianus
566 3455 659 3517 docet
679 3455 711 3517 in
731 3456 855 3536 codice,
869 3456 991 3532 dicens,
1010 3459 1126 3521 Omnia
1144 3462 1256 3522 merita
1274 3465 1388 3531 uestra

425 3557 583 3640 facimus,
610 3557 724 3636 quibam
751 3566 897 3620 nostram
927 3560 1129 3640 impertimur
1153 3562 1386 3637 auctoritatem,

432 3660 509 3740 quia
524 3680 563 3722 ec
578 3659 667 3728 nebia
679 3661 724 3723 ets
738 3661 839 3731 omnis
853 3663 1059 3740 impertietur
1071 3664 1260 3725 aucteritas.
1298 3664 1386 3724 Nam

433 3761 488 3845 qni
504 3782 568 3823 uon
585 3760 742 3836 subtiliter
755 3761 876 3822 sactum
895 3761 1057 3836 emendat,
1070 3761 1261 3825 laudabilior
1280 3774 1331 3826 est
1344 3784 1385 3826 eo

432 3863 489 3944 qui
511 3863 631 3944 primus
653 3862 782 3926 invenit.
827 3861 948 3924 Esdras
971 3862 1088 3924 librum
1112 3863 1304 3944 composuit,
1328 3864 1385 3946 qui

432 3975 626 4042 praenotatur
642 3966 683 4026 ab
699 3965 782 4045 ipso,
799 3975 831 4026 et
845 3959 1126 4043 Paralipomenon,
1139 3984 1240 4045 nsque
1257 3962 1297 4025 ad
1313 3962 1385 4028 dies

433 4079 516 4120 suos.
555 4063 728 4142 Reliquum
748 4082 822 4123 uero
842 4062 1038 4143 scripserunt
1052 4049 1279 4145 sapientissimi
1301 4063 1382 4140 fide·

432 4159 504 4220 liter
525 4180 706 4239 synagogae,
723 4183 795 4243 quae
818 4164 974 4243 templum
993 4163 1197 4227 reaedificavit
1218 4165 1251 4227 in
1268 4165 1383 4230 Hiero-

433 4258 572 4339 solymis,
618 4259 750 4337 Moyses
776 4262 904 4342 scripsit
929 4265 993 4326 Job
1020 4267 1196 4336 secundum
1222 4266 1313 4338 istos,
1340 4265 1382 4329 de

433 4381 496 4442 quo
519 4357 599 4419 nibil
621 4358 751 4420 definire
774 4363 938 4440 praesumit
961 4366 1087 4451 vulgata
1109 4365 1229 4448 opinio,
1251 4367 1327 4439 lieet
1348 4367 1382 4440 in
