3667 5475
431 559 472 620 lt
690 571 827 616 soanrus
843 568 1121 615 mansonarnnsrs
1297 552 1343 633 [a.
1360 573 1391 617 n.

428 723 556 788 baserit
577 720 628 785 bis
645 719 773 795 diebus,
790 719 876 784 unde
896 720 925 784 ei
945 718 1049 785 debeo
1066 720 1186 805 gratias
1205 722 1393 809 ampliores.

429 822 528 887 Vobis
551 843 610 907 pro
631 845 669 886 eo
689 820 891 906 supplicatur
911 843 931 885 a
952 822 1077 909 magnis
1095 820 1183 903 viris,
1202 834 1237 889 et
1256 822 1392 904 talibus,

430 936 467 987 ut
490 921 597 1007 magui
620 934 770 1008 reputare
795 920 941 1003 debeam,
963 921 989 987 si
1011 917 1147 1011 vestigia
1169 946 1284 989 eorum
1309 924 1391 990 mihi

429 1023 521 1089 liceat
544 1024 686 1089 adorare.
732 1026 778 1088 At
802 1037 909 1089 certus
930 1047 1001 1091 sum
1023 1024 1113 1112 quod
1134 1024 1393 1113 quanticumque

429 1123 503 1202 sint,
527 1124 634 1191 nullus
656 1147 766 1190 eorum
789 1147 839 1189 me
861 1125 994 1191 minimo
1017 1125 1144 1191 servulo
1166 1138 1275 1191 vestro
1297 1126 1392 1193 vobis

429 1226 555 1292 fidelior
569 1240 629 1307 eat,
639 1239 696 1292 ant
711 1226 867 1292 devotior.
897 1228 948 1293 Ad
961 1228 1060 1315 pedes
1074 1251 1152 1313 ergo
1162 1227 1392 1296 misericordie

432 1340 547 1393 vestrae
577 1327 769 1415 provolutus
792 1327 950 1415 supplico,
978 1341 1016 1394 ut
1035 1327 1194 1417 justitiam
1219 1330 1293 1417 ejus
1318 1352 1394 1415 pro-

431 1429 550 1495 moveri
575 1429 779 1517 praecipiatis,
804 1453 863 1495 nec
890 1452 965 1494 eum
991 1431 1032 1496 ab
1056 1429 1201 1495 arctioris
1225 1429 1303 1497 vitae
1326 1430 1390 1507 via,

432 1553 530 1618 quarn
546 1531 766 1616 religiosorum
783 1529 914 1595 consilio
934 1553 1104 1616 aggressam
1118 1543 1180 1610 est,
1194 1529 1392 1615 permittatis

431 1631 525 1696 avelli
548 1635 590 1697 ob
613 1652 724 1694 eorum
752 1629 1003 1716 improbitatem,
1027 1629 1146 1716 quibus
1168 1628 1300 1693 videtur·
1322 1653 1391 1695 esse

431 1731 542 1819 religio
556 1744 786 1809 consummata,
802 1732 827 1795 si
842 1731 874 1797 in
890 1731 994 1799 causis
1007 1730 1154 1799 omnibus
1167 1730 1379 1799 obtinuerint.

478 2136 701 2202 EPISTOLA
724 2138 941 2203 xant-an
956 2156 1115 2201 canaram
1131 2156 1175 2202 on
1190 2150 1344 2203 annnam.

440 2286 677 2351 Vmernbilibus
687 2287 970 2370 amicisstatribus
980 2288 1018 2349 in
1030 2286 1157 2356 cartalo
1166 2286 1393 2365 dilectissimis,

478 2386 520 2450 R.
536 2385 663 2463 Abbati,
679 2393 711 2449 et
719 2387 808 2470 filiis
825 2388 929 2469 posis,
944 2388 1002 2468 qni
1015 2389 1053 2450 in
1067 2387 1208 2469 capitulo
1222 2384 1393 2451 Arronar'ae

477 2491 675 2564 convenient,
714 2488 754 2551 T.
786 2488 925 2552 Samae
962 2487 1212 2553 Contucciensis
1248 2489 1391 2553 ecclesiae

477 2592 624 2656 minister
637 2592 770 2655 humilis
783 2590 930 2653 salutm.

478 2748 529 2808 An
559 2743 671 2807 ordine
700 2752 807 2806 vestro
842 2740 882 2804 de
912 2763 995 2806 novo
1031 2740 1117 2828 apud
1147 2764 1203 2806 vos
1239 2741 1391 2807 scandala

435 2855 642 2917 emerserunt,
658 2853 749 2906 tauto
763 2841 894 2925 quidem
915 2843 1071 2907 amariora
1090 2841 1250 2923 fidelibus,
1264 2856 1389 2930 quanto
1408 2873 1414 2889 ·

434 2947 571 3031 praevisa
592 2942 708 3018 minus,
731 2955 764 3007 et
786 2953 904 3027 praeter
927 2944 1107 3030 opinionem
1136 2944 1279 3010 omnium
1304 2944 1389 3010 acci·

434 3047 562 3111 derunt.
607 3045 704 3109 Zelus
719 3045 848 3131 quidem
864 3060 897 3112 et
911 3048 1084 3125 contentio,
1101 3047 1234 3113 carnalis
1252 3047 1389 3115 affectus

435 3143 552 3208 indicia
568 3158 654 3223 sunt,
668 3157 698 3208 et
715 3145 853 3230 propriae
868 3145 1036 3233 dignitatis
1050 3146 1230 3211 inordinata
1242 3145 1390 3212 defensio

435 3245 637 3311 ambitionem
660 3246 779 3332 arguit,
793 3260 824 3311 et
847 3249 1017 3313 convincit.
1062 3252 1148 3314 Ecce
1168 3249 1252 3312 inter
1271 3249 1388 3315 fratres

437 3359 556 3410 vestros
571 3369 632 3410 non
648 3347 744 3411 modo
759 3347 922 3424 emulatio,
935 3347 989 3411 scd
1001 3350 1069 3434 jam
1083 3348 1153 3413 rixa
1167 3359 1226 3428 est,
1236 3348 1306 3433 jam
1320 3348 1388 3413 sere

434 3448 557 3533 avergit
566 3448 598 3512 in
608 3470 759 3535 pugnam.
777 3450 869 3534 Saepe
877 3448 1126 3536 interposuimus
1137 3463 1243 3536 partes
1252 3461 1389 3529 nostras,

362 3552 366 3561 '
435 3563 470 3616 ut
486 3573 549 3638 pax
565 3551 791 3616 reformaretur
803 3553 836 3614 in
851 3555 947 3615 domo
960 3550 1104 3629 Domini,
1114 3568 1146 3615 et
1160 3547 1389 3636 compositione

384 3647 386 3651 ’
434 3653 483 3717 vel
494 3654 619 3739 jndicio
631 3653 778 3718 scandala
790 3653 830 3718 de
842 3652 946 3717 medio
962 3652 1159 3717 tollerentur.
1182 3652 1298 3718 Vexati
1310 3677 1388 3740 ergo

433 3777 555 3831 sumus,
565 3769 597 3821 et
609 3777 670 3820 non
686 3756 878 3840 profecimus
893 3755 1076 3842 quicquam,
1089 3754 1144 3820 sed
1160 3754 1243 3818 finnt
1256 3755 1290 3818 in
1305 3754 1387 3836 dias,

433 3850 492 3916 uisi
509 3855 598 3936 Deus
609 3877 736 3918 manum
753 3869 905 3941 apponat,
917 3855 1087 3921 novissima
1102 3878 1213 3920 eorum
1229 3854 1387 3921 deteriora

432 3952 600 4039 prioribus.
660 3955 772 4023 Abbas
800 3957 841 4018 de
876 3957 1078 4032 Lislesbnlla‚
1108 3969 1140 4021 et
1170 3957 1286 4021 fratres
1307 3956 1386 4043 ‘ejus

427 4052 564 4140 justitiae
594 4052 720 4117 semitas
750 4076 813 4118 non
843 4070 1032 4140 sequnntur,
1057 4081 1095 4121 eo
1121 4056 1207 4143 quod
1235 4056 1385 4141 aberrant

431 4153 557 4239 longius
580 4177 599 4216 a
624 4154 764 4235 caritate,
789 4169 820 4219 et
848 4155 991 4221 nesciunt
1013 4161 1095 4223 viam
1124 4157 1221 4243 pacis,
1246 4170 1384 4244 utraque
