3667 5475
445 750 508 812 πω
705 760 840 805 scaurus
857 757 1136 805 aannannmnusrs
1310 744 1357 824 [a.
1373 762 1397 809 n.

447 912 525 978 tiam
551 930 712 977 sacromm
735 929 905 985 canonum,
927 918 984 973 aut
1006 917 1092 972 certe
1115 906 1214 994 ipsius
1234 909 1401 995 Evangelii

447 1011 622 1080 custodiam
641 1011 826 1095 juramento
844 1008 986 1095 proestito
1000 1008 1170 1094 obligaret,
1185 1008 1245 1076 nisi
1260 1011 1343 1078 torte
1365 1034 1401 1081 eo

447 1116 550 1202 major
563 1111 604 1177 sit
618 1111 674 1199 qui
688 1133 755 1175 suae
767 1110 911 1176 conscius
924 1109 1128 1187 infirmitatis,
1141 1122 1175 1177 et
1187 1111 1276 1177 testis
1286 1124 1401 1180 nostrae

445 1213 644 1289 humilitatis,
674 1212 854 1287 confitetur,
885 1210 962 1299 quia
997 1211 1030 1276 in
1067 1212 1178 1278 multis
1209 1214 1399 1281 offendimur

445 1339 565 1385 omnes.
612 1315 647 1383 Si
666 1315 707 1380 de
729 1313 899 1399 praeteritis
912 1324 1037 1397 agatur,
1054 1336 1116 1379 non
1136 1335 1229 1399 nego,
1246 1338 1300 1381 me
1317 1320 1400 1386 Cau·

445 1416 596 1487 tuarienai
617 1415 864 1501 archiepiscopo,
887 1415 970 1480 sicut
995 1415 1126 1482 domino
1148 1427 1182 1482 et
1206 1417 1291 1503 patri
1316 1439 1400 1499 meo,

444 1520 590 1587 debitum
601 1530 635 1584 et
645 1519 796 1586 devotum
808 1516 992 1603 prestitisse
1004 1517 1208 1606 obsequium:
1231 1531 1267 1586 et
1277 1520 1398 1589 utinam

444 1623 602 1690 efficacius
623 1620 850 1709 praestitissem,
868 1641 1085 1707 necunquam
1103 1621 1244 1690 Domino
1265 1622 1399 1709 propitio

443 1724 561 1792 abhoc
583 1746 641 1810 pro
665 1744 868 1814 quacumque
891 1721 1030 1788 utilitate
1052 1734 1086 1787 et
1106 1722 1225 1788 damno
1248 1724 1398 1801 deducar,

444 1837 481 1893 ut
505 1826 673 1893 dominum
702 1846 822 1901 meum,
849 1822 1045 1911 quicumque
1071 1823 1123 1901 sit,
1149 1824 1331 1908 abjurando
1351 1824 1400 1895 vel

441 1928 642 2015 abnegando,
657 1928 816 1993 maculem
837 1926 935 1992 vitam
958 1948 1077 2004 meam,
1098 1926 1198 1991 immo
1220 1938 1255 1993 et
1276 1949 1398 1996 memo-

442 2033 521 2097 riam
537 2031 675 2098 nominis
690 2040 724 2094 et
737 2029 841 2113 gentis
854 2051 938 2094 meae
953 2051 1061 2094 coram
1076 2031 1148 2093 Deo
1159 2037 1193 2093 et
1203 2027 1395 2104 hominibus.

487 2135 651 2200 Caeterum
666 2132 748 2197 sicut
762 2154 781 2196 a
802 2131 948 2216 pluribus
963 2130 1082 2216 accepi,
1099 2130 1159 2195 nisi
1174 2130 1245 2195 baec
1261 2142 1296 2197 et
1316 2154 1398 2217 praev

441 2234 528 2301 dicta
547 2235 663 2314 fecero,
684 2255 797 2319 pacem
824 2233 904 2297 mibi
931 2232 1096 2300 reformari
1118 2244 1174 2298 aut
1199 2233 1395 2318 impossibile

440 2344 497 2400 aut
524 2334 746 2398 difficillimum
769 2346 826 2399 est.
881 2335 936 2401 Ad
965 2334 1025 2399 hoc
1053 2334 1162 2421 itaque
1191 2335 1395 2419 proficiatai

440 2435 555 2523 placet,
571 2434 736 2521 vigilantia
757 2436 879 2501 domini
902 2436 1053 2522 episcopi,
1070 2449 1104 2499 et
1118 2447 1231 2514 vestra,
1247 2448 1286 2501 ut
1307 2438 1334 2501 si
1356 2438 1396 2503 de

440 2538 697 2603 reconciliatione
719 2561 793 2603 mea
815 2549 923 2603 actum
946 2538 1052 2621 fuerit,
1074 2537 1194 2625 iniqua·
1217 2548 1251 2602 et
1273 2539 1396 2625 pericu·
1436 2597 1439 2605 .

438 2641 515 2707 losae
530 2642 727 2707 conditiones
741 2654 965 2706 amoveantur:
989 2652 1023 2705 et
1037 2662 1097 2725 ego
1112 2642 1145 2705 in
1157 2640 1308 2709 omuibus
1322 2662 1395 2729 quae

438 2746 507 2811 sine
534 2746 677 2833 periculo
699 2745 808 2811 salutis
834 2758 868 2810 et
893 2746 989 2809 lamae
1010 2745 1081 2810 fleri
1110 2755 1251 2832 possunt,
1274 2743 1397 2810 domiui

438 2849 588 2935 episcopi,
604 2860 638 2913 et
652 2861 804 2926 vestrum,
820 2848 905 2938 quod
929 2847 970 2911 ab
993 2869 1031 2911 eo
1047 2869 1110 2911 non
1133 2846 1305 2931 discrepat,
1319 2868 1395 2911 con.

437 2949 544 3013 silium
566 2972 700 3036 sequar:
732 2949 788 3014 sed
811 2971 871 3012 nec
892 2947 1049 3033 proficisci
1071 2946 1185 3011 vellem
1209 2948 1250 3011 ad
1273 2948 1397 3012 curiam

436 3073 548 3136 pacem
575 3052 725 3126 facturus,
752 3051 812 3114 nisi
837 3049 1039 3136 aliquatenus
1068 3049 1265 3135 praecognita
1290 3051 1395 3115 forma

436 3154 513 3238 ejus.
552 3155 636 3217 Nam
649 3152 694 3215 rei
706 3151 868 3214 familiaris
879 3151 1036 3234 angustia,
1048 3162 1081 3213 et
1089 3151 1262 3234 negotiatio
1270 3151 1395 3228 littera-

437 3276 518 3330 rum,
531 3277 605 3339 quae
619 3254 697 3316 mihi
713 3253 859 3316 solatium
876 3252 1004 3338 pariter,
1016 3263 1050 3315 et
1064 3252 1240 3316 subsidium
1257 3254 1394 3337 praebet,

436 3375 496 3417 nec
511 3376 642 3436 magnos
656 3364 801 3437 sumptus
815 3354 931 3431 facere,
944 3376 1004 3417 nec
1018 3353 1074 3417 diu
1089 3354 1200 3419 abesse
1216 3354 1394 3439 patiuntur.

437 3453 587 3519 Facultas
600 3455 686 3518 enim
709 3456 801 3520 solito
822 3457 925 3540 magis
940 3456 1045 3523 tenuis
1059 3467 1118 3534 est,
1133 3456 1187 3520 sed
1204 3478 1304 3521 onera
1325 3480 1392 3521 non

435 3557 631 3626 decrescunt.
681 3560 858 3624 Rarescunt
880 3571 988 3624 autem
1011 3560 1138 3636 auxilia,
1155 3559 1215 3623 etsi
1236 3560 1278 3623 ab
1300 3559 1394 3624 initio

434 3662 591 3726 rarissima
606 3663 733 3727 suerint.
780 3662 817 3726 ln
838 3662 1035 3747 profectione
1049 3685 1158 3727 versus
1174 3661 1391 3746 Andagavim,

433 3777 467 3827 et
491 3764 698 3829 Paschalibus
720 3763 883 3852 colloquiis
906 3785 1029 3846 regum,
1046 3762 1201 3827 tredecim
1219 3763 1317 3827 libras
1336 3786 1391 3826 ex·

432 3868 541 3953 pendi,
565 3882 598 3932 et
626 3868 705 3932 dues
727 3866 818 3930 amisi
844 3865 1055 3952 equitaturus,
1079 3876 1115 3928 ut
1145 3865 1186 3929 de
1216 3863 1390 3943 laboribus,

432 3971 594 4048 molestiis,
606 3982 640 4035 ct
654 3970 813 4035 curiarum
830 3969 933 4033 taediis
949 3977 1102 4048 taceatur,
1117 3966 1267 4053 quodque
1281 3964 1387 4048 magis

432 4070 532 4154 piget,
548 4083 663 4136 cuncta
679 4083 842 4136 cesserunt
856 4071 890 4134 in
906 4092 1040 4134 cassum.
1086 4072 1171 4133 Nam
1187 4069 1277 4133 labor
1295 4066 1390 4154 periit

430 4182 463 4236 et
485 4171 640 4256 impensa,
656 4196 716 4237 nec
731 4173 846 4236 vellem
869 4173 895 4237 si
918 4171 987 4236 fieri
1010 4183 1115 4257 posset
1137 4171 1383 4257 occupationum

431 4285 465 4338 et
487 4296 592 4338 rerum
616 4275 736 4338 humile
762 4276 868 4339 subire
894 4274 1112 4359 dispendium.
1160 4276 1269 4340 Status
1295 4294 1386 4338 maus

431 4377 520 4443 vobis
535 4400 574 4442 ex
597 4390 685 4464 parte
706 4401 763 4462 per
779 4379 932 4442 nuncium
948 4379 1134 4444 innotescet.
1183 4378 1276 4441 idem
1300 4377 1386 4441 enim
