3667 5475
429 769 471 827 24
690 778 826 823 russeus
842 776 1126 822 saausamnsusrs
1294 758 1343 839 [a.
1362 776 1396 824 u.

434 929 575 997 Ricardo
591 928 784 993 Loudinensi
809 929 974 1015 episcopis,
997 928 1188 1015 saepedictus
1205 927 1399 992 Willelmus

436 1033 557 1117 absque
582 1030 676 1096 ullius
701 1032 896 1115 gravaminis
921 1031 1121 1116 allegatione,
1149 1030 1257 1108 tertio,
1283 1043 1401 1095 contra

431 1132 515 1219 juris
530 1134 662 1197 formam
686 1148 722 1197 ut
738 1134 829 1197 nobis
844 1135 946 1197 visum
964 1148 1022 1213 est,
1037 1132 1077 1196 ad
1101 1131 1275 1196 consistorii
1294 1131 1396 1196 vestri

438 1235 655 1301 excellentiam
684 1235 867 1322 appellavit,
890 1236 1060 1300 terminum
1084 1232 1291 1320 appellationi
1313 1256 1401 1319 proe-

439 1339 540 1423 figens
554 1337 752 1401 Dominicam
769 1359 833 1421 qua
848 1336 1041 1412 cantabitur,
1059 1338 1185 1400 Laetare
1200 1337 1399 1399 Jerusalem.

440 1441 605 1506 Robertus
626 1462 700 1503 vero
719 1439 887 1503 terminum
911 1438 1095 1517 coarctavit,
1116 1437 1200 1501 diem
1224 1436 1400 1522 praefigens

442 1542 668 1629 Epiphaniam.

611 1835 835 1901 EPISTOLA
857 1837 1060 1900 xxm-an
1077 1853 1229 1899 arnume.

786 1973 934 2034 Adriano
950 1974 1058 2052 Pupoe.

491 2107 790 2178 Cournovrsasmu,
801 2126 874 2187 quae
889 2103 973 2167 inter
989 2103 1164 2168 Robertum
1180 2104 1355 2189 quendam,
1371 2120 1405 2170 et

448 2204 622 2270 Ricardum
648 2202 688 2267 de
715 2202 836 2288 Ambly
861 2202 1056 2279 vertebatur,
1083 2226 1179 2289 super
1207 2204 1338 2270 ecclesia
1363 2207 1406 2271 de

448 2304 692 2389 wacheringiis,
729 2306 879 2370 serenitas
916 2319 1022 2369 vestra
1059 2306 1150 2369 nobis
1193 2306 1407 2372 decidendam

451 2405 618 2489 delegavit.
679 2406 830 2469 Partibus
863 2406 973 2490 itaque
1002 2429 1019 2469 e
1050 2405 1176 2488 regione
1209 2408 1407 2486 constitutis,

452 2528 552 2600 quum
568 2505 742 2571 assiderent
765 2506 856 2570 nobis
872 2507 1068 2569 venerabiles
1084 2508 1199 2571 fratres
1221 2508 1330 2586 nostri,
1347 2511 1409 2575 Ri-

451 2607 567 2680 cardus
583 2606 814 2672 Lundoniensis
826 2622 857 2672 et
871 2606 1016 2671 Hilarius
1032 2607 1236 2673 Cicestrensis
1251 2610 1407 2698 episcopi,

452 2708 618 2785 Robertus.
631 2723 836 2775 memoratam
852 2708 1013 2775 ecclesiam
1030 2710 1169 2796 petebat,
1181 2734 1276 2800 quam
1294 2713 1354 2780 sibi
1370 2716 1407 2782 in

452 2812 541 2889 curia
555 2811 768 2878 londoniensi
789 2811 1004 2899 adjudicatam
1029 2812 1198 2878 asserebat.
1243 2817 1273 2878 Ε
1293 2830 1409 2884 contra

452 2914 611 2979 Ricardus
629 2914 767 3011 quadam
791 2913 963 2978 collusione
987 2913 1140 2978 adversus
1163 2915 1341 2982 Monachus
1366 2920 1426 2998 de,

454 3012 667 3078 Pritelewella
697 3013 855 3078 dictatum
886 3037 952 3077 esse
985 3013 1143 3099 judicium
1176 3014 1345 3100 allegabat,
1377 3045 1421 3095 se¹

455 3135 531 3176 vero
551 3115 691 3178 ecclesiae
706 3135 915 3198 possessorem
938 3139 1103 3207 nunquam
1125 3116 1269 3209 citatum,
1284 3119 1408 3187 nullam

454 3217 538 3281 inter
562 3239 594 3278 se
620 3228 651 3279 et
676 3216 854 3280 Robertum
879 3217 974 3282 latam
998 3219 1095 3282 fuisse
1122 3222 1308 3285 seutentiam
1332 3246 1409 3288 con-

456 3327 576 3379 stanter
596 3338 787 3396 asseverans,
809 3321 897 3405 quod
919 3333 951 3384 et
973 3321 1041 3406 ipse
1069 3319 1301 3386 Lundoniensis
1325 3327 1414 3411 epis-

457 3439 557 3501 copus
571 3417 675 3503 palam
692 3419 784 3484 nohis
799 3422 947 3500 omnibus
967 3422 1128 3486 confessus
1143 3437 1200 3489 est.
1246 3429 1413 3494 Robertus

456 3518 565 3604 itaque
587 3519 627 3583 ad
649 3519 717 3583 haec
738 3522 817 3586 nihil
841 3524 1046 3610 respondens,
1061 3523 1254 3593 audientiam
1271 3542 1412 3600 vestram

458 3618 643 3704 appellavit,
657 3620 740 3683 diem
757 3623 954 3688 constituens
968 3637 1094 3700 octavas
1111 3625 1194 3702 beati
1212 3627 1362 3705 Andreae.

503 3905 726 3971 EPISTOLA
751 3908 969 3972 XXIll.-.-au
984 3927 1167 3972 sarnanum
1183 3928 1373 3979 EPISCOPUM

805 4028 1065 4073 wronurvaasmr.

694 4140 824 4219 Alfr·edo
847 4142 990 4222 Wiporn.
1007 4145 1178 4226 Episcopo.

507 4275 620 4338 SUPER
646 4272 816 4358 prudentia
843 4287 947 4338 vestra
978 4277 1052 4340 satis
1081 4277 1231 4342 admirari
1257 4300 1318 4342 non
1344 4301 1420 4364 pos·

463 4396 584 4450 sumus,
610 4395 695 4460 quae,
718 4386 836 4455 nostro,
860 4387 891 4438 et
916 4375 1051 4442 fratrum
1077 4397 1254 4452 nostrorum
1285 4381 1419 4451 consilio
