3667 5475
442 768 618 848 lles-8]
826 782 1007 829 sermome.
1264 841 1266 845 μ
1341 770 1394 835 et

436 937 526 1002 ribus
540 949 573 1002 et
589 935 748 1001 aerumnis.
787 938 1005 1000 Veruntamen
1022 936 1108 1020 qnia,
1126 949 1260 1020 urgente
1275 939 1393 1002 amoris

436 1038 512 1116 lide,
527 1060 591 1103 non
606 1059 778 1126 possumus
792 1056 851 1121 pro
865 1037 958 1101 vobis
973 1059 1035 1101 non
1058 1060 1125 1101 esse
1140 1038 1278 1117 solliciti,
1294 1039 1394 1103 beati-

436 1141 542 1206 tudini
562 1155 689 1222 vestra,
704 1162 804 1227 quam
828 1138 861 1203 in
881 1140 978 1223 longa
993 1157 1025 1204 et
1039 1140 1144 1204 felicia
1159 1153 1303 1227 tempora
1321 1163 1394 1227 pro-

438 1243 549 1309 tendat
564 1245 735 1317 Dominus,
749 1240 976 1326 supplicamus,
989 1254 1025 1306 ut
1040 1263 1098 1327 per
1112 1246 1245 1306 latorem
1257 1264 1395 1329 praesen-

437 1344 519 1409 tium
542 1368 579 1408 ea
603 1368 678 1431 quae
699 1344 783 1407 circa
796 1365 853 1405 vos
868 1355 943 1406 sunt
965 1341 1057 1406 nobis
1079 1342 1258 1428 significare
1280 1343 1394 1427 digne·

436 1446 524 1512 mini.
577 1448 676 1513 Certo
700 1444 829 1530 quidem
860 1442 978 1507 certius
1003 1456 1064 1523 est,
1089 1439 1177 1530 quod
1204 1445 1245 1508 ab
1270 1444 1392 1509 incolu-

438 1544 549 1610 mitate
561 1558 677 1624 vestra,
688 1567 752 1608 non
768 1544 863 1608 modo
879 1543 978 1607 totius
992 1544 1114 1620 insulae,
1126 1566 1199 1631 quae
1210 1544 1300 1609 vobis
1311 1543 1396 1609 votis

440 1643 587 1711 felicibus
609 1645 741 1711 salutem
764 1657 924 1731 precatur,
939 1644 1024 1709 salus
1037 1645 1167 1731 pendet,
1182 1644 1237 1708 sed
1251 1647 1393 1710 omnium

438 1744 536 1810 etiam
550 1745 882 1832 circumjacentionnm
897 1744 1073 1809 nationum.

450 2060 670 2124 EPISTOLA
693 2061 893 2125 XXV.-sn
912 2078 1102 2160 ruscorum
1117 2077 1386 2123 possessurum.

694 2209 743 2274 H.
760 2211 917 2293 Episcopo
934 2210 1143 2275 &casimansi

482 2343 505 2405 J
507 2363 597 2407 uxta
612 2342 796 2408 relationem
813 2356 952 2409 vestram
969 2344 1122 2409 habemus
1136 2343 1223 2431 quod
1238 2343 1397 2430 possimus

438 2445 479 2510 de
504 2444 706 2510 fraternitate
731 2459 838 2510 vestra
862 2447 996 2525 causari,
1020 2447 1076 2533 qui
1101 2469 1140 2511 ex
1167 2445 1395 2510 constitutione

441 2569 602 2612 sacrorum
622 2568 792 2625 canonum,
807 2548 1001 2635 coepiscopis
1015 2549 1218 2614 denuntiasse
1237 2546 1396 2612 debuistis

436 2646 630 2733 flagitiosum
662 2648 762 2726 illum,
790 2673 884 2737 quem
914 2651 1050 2737 epistola
1076 2664 1180 2715 vestra
1215 2650 1310 2713 nobis
1340 2649 1396 2713 de·

439 2750 555 2837 pinxit,
568 2751 610 2816 ab
624 2753 754 2816 ecclesis
771 2768 875 2819 vestra
891 2754 935 2819 ob
950 2755 1031 2820 tanti
1047 2754 1171 2819 sceleris
1185 2752 1395 2826 atrocitatem,

440 2853 642 2920 anathemate
667 2856 924 2923 condemnatum.
970 2857 1038 2919 Nos
1063 2868 1183 2930 autem,
1207 2853 1279 2916 licet
1304 2873 1397 2916 vene-

438 2954 549 3020 rabilis
563 2954 672 3021 fratris
694 2957 796 3022 nostri
811 2954 1024 3023 Eboracensis
1038 2953 1266 3040 archiepiscopi
1281 2953 1397 3019 litteris

437 3055 540 3128 fretus
562 3053 671 3135 fuerit,
684 3069 717 3122 et
740 3080 799 3142 pro
822 3081 859 3121 eo
882 3056 978 3121 multi
1000 3069 1033 3121 ct
1054 3056 1163 3140 magni
1181 3054 1253 3132 viri,
1268 3053 1396 3142 culpam

438 3169 496 3222 aut
511 3159 643 3221 omnino
658 3159 841 3238 reticentes,
852 3175 909 3223 aut
925 3159 1103 3224 minuentes
1117 3157 1395 3243 supplicaverunt:

442 3257 587 3344 sineque
596 3259 848 3324 communionem
858 3260 1057 3337 indulsimus,
1068 3282 1125 3323 nec
1137 3256 1258 3324 itineris
1268 3279 1396 3344 poenam

442 3359 634 3436 remisimus,
647 3359 703 3425 sed
716 3372 841 3425 tantum
854 3364 1025 3425 terminum
1041 3358 1284 3448 prorogavimus
1295 3382 1399 3446 usque

440 3459 482 3525 ad
505 3460 733 3528 exaltationem
758 3474 875 3527 sanctae
897 3461 1010 3539 crucis,
1030 3462 1112 3527 nihil
1136 3483 1342 3547 eorumquae
1367 3464 1398 3526 ei

440 3562 586 3648 injuncta
610 3562 754 3640 luerunt,
770 3562 802 3627 in
826 3563 934 3650 aliquo
956 3563 1171 3629 immutantes.
1216 3563 1299 3640 Quia
1321 3586 1400 3648 ergo

442 3663 565 3734 malitia
589 3685 650 3729 sua
676 3678 733 3730 aut
759 3664 882 3730 fallacia
907 3665 936 3728 ei
961 3651 1087 3730 lucrosa
1111 3689 1178 3729 esse
1202 3688 1265 3729 non
1290 3665 1400 3741 debet,

414 3808 425 3819 ·-
438 3765 579 3833 eundem
594 3765 788 3833 fraternitati
804 3779 919 3832 vestrae
929 3767 1028 3852 juxta
1041 3767 1207 3831 canonicos
1221 3767 1399 3830 sanctiones

437 3866 648 3935 tractandum
679 3867 899 3954 relinquimus,
930 3869 1117 3932 mandantes
1146 3880 1184 3931 ut
1214 3888 1275 3952 pro
1303 3866 1401 3930 modo

441 3969 550 4054 adpo
573 3970 655 4034 tanti
678 3969 804 4056 flagitii,
820 3971 920 4035 scelus
942 3993 979 4034 ea
1003 3971 1171 4034 severitate
1193 3968 1346 4056 puniatis,
1361 3982 1399 4035 ut

442 4069 598 4137 delictum
620 4074 691 4158 ejus
713 4086 843 4138 auctore
859 4074 999 4138 Domino
1020 4096 1079 4160 per
1099 4073 1321 4159 poenitentiam
1344 4073 1400 4136 de·

444 4173 562 4252 lentur,
576 4187 608 4240 ct
632 4175 740 4242 caeteri
757 4177 807 4241 vel
831 4177 955 4241 timoris
969 4191 1057 4242 metu
1081 4202 1100 4242 a
1124 4177 1280 4243 similibus
1304 4190 1401 4241 terre·
1489 4221 1495 4233 ·

444 4290 553 4343 antur.
599 4281 667 4343 Nos
689 4283 772 4344 enirn
794 4302 851 4366 per
875 4280 1121 4345 misericordiam
1144 4280 1274 4345 Domini
1297 4279 1401 4343 crimi-

444 4400 524 4445 num
547 4381 673 4465 patroni
695 4404 762 4446 esse
783 4381 955 4458 noluimus,
972 4382 1025 4446 sed
1052 4387 1180 4460 ultores,
1196 4395 1323 4466 gratum
1347 4380 1402 4443 ha-
