3667 5475
475 762 533 823 194
722 781 857 824 roauurs
874 780 1154 824 sannsnaamrvsrs
1254 756 1257 761 ’
1332 764 1380 843 [a.
1396 785 1428 828 n.

473 931 647 1007 caritatem,
671 954 710 994 oo
737 933 824 1016 quod
848 934 946 1017 patris
973 933 1073 995 nostri
1100 943 1132 995 et
1158 933 1280 995 domini
1303 936 1431 1018 primus

472 1033 612 1095 omnium
636 1035 835 1115 naufragium
858 1034 1042 1116 excepistis
1058 1042 1091 1096 et
1112 1045 1245 1116 paterne
1261 1038 1432 1121 recepistis

471 1133 681 1211 exetasmos,
697 1148 728 1197 et
742 1136 788 1197 eis
803 1157 867 1197 non
885 1135 982 1197 modo
998 1136 1205 1217 exposuistis,
1221 1136 1277 1200 sed
1293 1143 1326 1200 et
1337 1158 1431 1200 com·

470 1236 659 1300 municastis
678 1240 764 1301 bona
786 1252 889 1301 vestra
908 1238 949 1300 ad
967 1239 1095 1301 libitum
1114 1260 1205 1301 suum
1226 1259 1323 1322 supra
1344 1240 1432 1303 vires

471 1347 608 1413 vestras,
631 1340 687 1401 sed
700 1353 804 1402 tamen
815 1341 896 1403 iufra
908 1340 1049 1402 animum
1061 1341 1206 1404 libertate
1216 1339 1316 1405 nobili
1330 1361 1430 1423 gene·

471 1459 586 1505 rosum.
631 1442 704 1525 Ego
728 1454 833 1505 tamen
857 1443 897 1505 ad
921 1443 1090 1523 gratiarum
1113 1442 1272 1505 actionem
1296 1444 1429 1527 spiritu·

472 1544 554 1607 alius
567 1556 687 1622 teneor,
703 1566 798 1628 quem
822 1546 854 1606 in
873 1544 1024 1624 magistro
1043 1545 1182 1608 Ricardo
1201 1556 1339 1627 cognato
1353 1565 1431 1609 meo

472 1646 674 1727 spiritualiter
694 1646 869 1727 recepistis
885 1658 916 1707 et
936 1646 1052 1728 amplae
1075 1645 1287 1708 miserationis
1301 1646 1430 1728 impen-

472 1746 564 1810 distis
588 1746 748 1819 solatium‚
772 1758 803 1809 et
817 1747 892 1830 quia
913 1756 1009 1810 tautae
1030 1746 1223 1809 humanitati
1245 1756 1281 1810 nt
1300 1746 1431 1810 deceret

471 1850 663 1932 respondere
683 1870 748 1910 non
772 1870 913 1932 possum,
929 1848 1076 1910 desidero
1098 1859 1133 1912 ut
1148 1846 1234 1931 quod
1251 1848 1281 1910 ei
1303 1848 1429 1912 fecistis

470 1952 632 2028 etfacilis,
647 1951 739 2012 vobis
755 1952 946 2013 retribuatur
961 1972 980 2011 a
996 1950 1147 2027 Domine,
1163 1950 1218 2032 qui
1234 1959 1353 2031 potens
1369 1962 1428 2027 est,

472 2061 504 2114 et
515 2073 694 2115 mensuram
703 2053 833 2128 bonam,
844 2063 876 2114 et
885 2053 1086 2132 coagulatam
1098 2064 1130 2113 et
1145 2050 1427 2134 supereffluentem

470 2152 595 2229 reddat,
610 2163 642 2214 et
657 2152 866 2233 superfundat
881 2154 913 2213 in
929 2152 1196 2214 benefacientium
1212 2152 1310 2217 sinus.
1353 2154 1430 2236 Ego

473 2263 578 2318 autem
594 2264 696 2315 totum
716 2250 749 2313 id
765 2253 853 2334 quod
869 2274 1011 2336 possum,
1027 2254 1182 2337 obsequio
1200 2266 1307 2317 vestro
1321 2256 1429 2319 libens

472 2354 623 2432 devoveo,
635 2363 762 2417 acturus
775 2356 845 2416 Deo
857 2356 985 2436 gratias,
999 2356 1025 2416 si
1036 2354 1283 2418 misericorditer
1293 2354 1429 2433 dederit,

472 2468 508 2520 ut
521 2459 642 2541 possim
656 2458 748 2519 vobis
763 2458 926 2519 officiosus
941 2478 1012 2519 esse
1027 2458 1060 2518 iu
1077 2458 1195 2540 aliquo

473 2630 614 2693 EPIST.
638 2628 954 2693 cxxxvm-ao
970 2647 1117 2691 reomau
1133 2647 1427 2693 caurnanrnusuu.

835 2730 879 2808 [a.
898 2749 927 2790 n.
949 2729 1057 2808 lma]

516 2850 622 2925 Quum
638 2847 802 2910 dominum
827 2869 943 2932 papam
964 2870 1067 2933 nuper
1083 2845 1296 2926 sollicitarem,
1312 2859 1345 2911 et
1360 2849 1426 2913 ani-

473 2973 602 3028 marem,
625 2963 655 3012 et
679 2951 774 3028 viam,
796 2972 892 3034 quam
910 2948 987 3013 mihi
1012 2949 1142 3012 videbar
1163 2949 1369 3027 intellexisse,
1385 2950 1426 3014 ad

473 3076 582 3139 pacem
608 3053 670 3115 sibi
700 3064 731 3114 et
761 3051 852 3113 nobis
878 3051 1123 3130 reformandam,
1152 3051 1330 3115 studiosius
1355 3052 1427 3116 inti·

473 3177 603 3230 marem,
620 3152 783 3237 respondit
804 3176 837 3215 se
853 3175 941 3238 spem
961 3152 1139 3238 concepisse
1154 3154 1241 3238 pacis
1258 3177 1300 3216 ex
1323 3155 1428 3218 verbis

474 3256 681 3340 imperatoris,
698 3276 770 3337 quae
785 3277 841 3339 per
857 3256 1007 3319 abbatom
1028 3269 1143 3318 sanctae
1159 3256 1273 3319 Mariae
1288 3255 1329 3319 de
1345 3260 1429 3320 Veto

474 3371 551 3420 tunc
584 3356 807 3428 transmiserat,
831 3358 1020 3441 promittens
1051 3380 1155 3440 regem
1182 3357 1310 3441 Angliae
1338 3358 1429 3423 facile

474 3483 566 3547 posse
582 3459 688 3522 induci
709 3458 748 3520 ad
772 3483 985 3544 quaecumque
1007 3460 1100 3521 vellet
1121 3459 1269 3523 dominus
1292 3483 1388 3546 pape,
1405 3461 1430 3524 si

473 3566 541 3650 ipse
563 3586 664 3647 reges,
690 3577 725 3626 ut
755 3561 810 3624 diu
836 3562 971 3646 petitum
996 3577 1053 3638 est,
1085 3562 1178 3625 vellet
1201 3562 1427 3627 confoederarc.

475 3667 529 3730 Ad
545 3666 632 3752 quod
646 3665 722 3751 quia
738 3663 885 3728 dominus
901 3687 984 3750 papa
999 3687 1118 3748 pronus
1134 3677 1190 3737 est,
1208 3679 1239 3727 ct
1256 3689 1311 3729 rex
1329 3667 1429 3729 Fran·

474 3793 583 3834 corum
613 3768 715 3831 facilis
739 3767 895 3843 inclinari,
920 3767 959 3828 de
990 3767 1151 3851 colloquio
1175 3790 1231 3830 suo
1261 3781 1293 3832 et
1316 3791 1429 3853 regum

474 3887 580 3938 certus
595 3896 660 3934 esse
676 3871 855 3934 videbatur.
882 3874 928 3932 Et
939 3871 1005 3954 jam
1023 3891 1128 3953 regem
1141 3871 1339 3933 Francorum
1356 3891 1429 3933 evo-

474 3988 609 4049 caverat,
627 3987 663 4036 ut
681 3972 914 4035 Purificatiouis
925 3973 1046 4035 ‘festum
1061 3985 1169 4055 ageret
1179 3993 1298 4034 secum.
1347 3970 1429 4033 Inde

473 4101 548 4138 vero
564 4075 754 4157 digrediens,
768 4098 873 4158 regem
895 4074 1024 4136 obvium
1043 4073 1141 4136 habui
1165 4096 1263 4158 prope
1274 4071 1428 4146 ‘Parisios

473 4189 505 4237 et
528 4195 601 4235 cum
624 4195 661 4232 eo
684 4172 738 4232 diu
756 4172 909 4256 loquutus
927 4195 1019 4245 sum,
1044 4187 1076 4236 et
1093 4170 1165 4235 licet
1189 4174 1281 4236 vobis
1296 4183 1328 4234 et
1351 4193 1429 4234 exu-

472 4278 557 4340 libus
573 4273 684 4335 vestris
699 4288 943 4356 compateretur,
959 4287 990 4335 et
1007 4274 1087 4336 hanc
1103 4272 1222 4336 domini
1243 4273 1327 4358 regis
1342 4271 1430 4334 duri-

473 4380 549 4444 tiam
559 4374 765 4458 improbaret,
776 4375 899 4437 miniori
914 4390 1017 4439 tamen
1025 4377 1151 4438 fervore
1162 4376 1249 4460 loqui
1258 4373 1429 4437 videbatur
