3667 5475
483 806 525 864 96
733 816 871 862 rasurus
887 814 1167 861 ssaassnrunnsrs
1340 796 1387 876 [a.
1407 816 1441 861 n.

475 969 544 1052 jam
567 967 673 1053 palam
697 966 835 1052 erumpit
860 965 1017 1050 impietas,
1041 977 1072 1028 et
1096 978 1131 1030 ut
1155 964 1318 1030 audaciam
1346 982 1437 1030 tuam

479 1090 623 1135 exerceas
644 1070 676 1133 in
698 1069 902 1132 innocentum
926 1065 1065 1144 laesione,
1090 1069 1237 1130 Romano
1260 1066 1438 1146 schismati,

478 1182 510 1237 et
524 1184 642 1237 nostrae
664 1171 842 1235 infirmitati
858 1191 951 1255 aeque
967 1168 1208 1253 congratularis.
1242 1168 1305 1232 Sed
1319 1182 1437 1255 potens

478 1286 525 1339 est
550 1274 718 1349 Dominus,
742 1294 830 1336 suam
854 1291 998 1335 serenare
1023 1270 1211 1347 Ecclesiam,
1233 1284 1265 1336 et
1288 1284 1435 1336 nostrum

380 1393 386 1406 ·
477 1398 537 1462 pro
565 1372 766 1459 beneplacito
797 1397 856 1437 suo
885 1372 1023 1436 relevare
1054 1371 1206 1451 laborem,
1234 1385 1266 1437 et
1293 1372 1351 1438 tibi
1375 1395 1437 1459 pro

477 1478 597 1543 meritis
609 1476 810 1563 respondere.
835 1474 1071 1539 Distuleramus
1080 1496 1206 1559 posnam
1218 1475 1435 1561 suspensionis

476 1580 519 1645 ad
534 1593 671 1666 tempus,
687 1578 754 1656 sed,
771 1591 806 1642 ut
823 1576 943 1640 dicitur
958 1588 993 1640 tu
1018 1573 1142 1640 diutins
1157 1597 1283 1661 poenam
1301 1598 1434 1662 suspen-

477 1682 574 1747 sionis
589 1704 650 1746 non
667 1680 784 1768 pateris
800 1678 961 1763 suspendi.
1008 1677 1128 1741 Niteris
1143 1677 1225 1740 enim
1250 1677 1332 1741 sedis
1350 1683 1435 1763 Apo-

477 1783 597 1849 stolioae
609 1791 729 1847 statuta
737 1779 925 1846 convellere.
948 1783 992 1845 Et
1001 1780 1041 1844 ad
1055 1779 1280 1845 succidendam
1292 1778 1432 1844 radicem

476 1884 670 1950 fundaminis
686 1884 745 1960 tui,
762 1881 894 1947 securim
917 1903 1070 1967 provocas
1089 1881 1300 1946 festinantem.
1347 1884 1434 1948 Con-

477 1997 539 2049 stat
556 1986 640 2050 enim
652 1984 803 2048 dilectum
817 1982 917 2049 filium
930 1996 1074 2048 nostrum
1088 1985 1111 2045 J
1112 1984 1268 2047 ordanum
1282 1985 1433 2049 saresbe-

475 2086 586 2150 riensis
603 2087 742 2150 ecclesiae
758 2086 989 2150 thesaurarium
1002 2110 1021 2149 a
1036 2088 1178 2150 Domino
1189 2109 1273 2172 papa
1285 2086 1432 2151 Adriano

475 2186 508 2252 io
531 2188 757 2276 possessionem
780 2188 921 2252 ecclesiae
943 2189 984 2253 de
1005 2188 1111 2253 Froila
1132 2189 1373 2254 confirmatum:
1398 2208 1431 2255 et

477 2302 513 2355 tu
540 2312 625 2366 eum,
649 2293 730 2353 sicut
755 2290 825 2376 ejus
848 2291 967 2355 iudicat
992 2290 1203 2377 querimonia,
1226 2293 1258 2354 in
1281 2291 1431 2376 injuriam

476 2391 753 2477 sedisapostolicae
767 2404 799 2458 et
811 2406 962 2469 nostram,
975 2391 1128 2456 violenter
1139 2406 1171 2456 et
1187 2415 1282 2455 manu
1298 2403 1432 2473 armata,

475 2494 560 2580 quod
588 2516 645 2557 nec
669 2494 842 2569 foeminam,
872 2517 930 2557 nec
951 2493 1135 2571 Monialem,
1160 2516 1217 2558 nec
1246 2493 1429 2578 religiosum

475 2593 656 2681 quempiam
669 2595 770 2674 decet,
782 2594 956 2659 destituere
968 2594 1209 2680 praesumpsisti.
1255 2596 1339 2672 Quia
1350 2619 1429 2682 ergo

473 2696 502 2762 ei
517 2697 549 2761 iu
559 2696 690 2783 justitia
711 2697 901 2761 deessenon
922 2719 1104 2783 possumus,
1128 2696 1186 2762 tibi
1210 2696 1428 2783 praecipiendo

473 2801 672 2878 mandamus,
689 2813 846 2887 quatenus
861 2802 889 2863 ei
906 2812 962 2863 aut
983 2797 1148 2884 praefatam
1169 2797 1330 2863 ecclesiam
1351 2822 1427 2864 cum

474 2903 655 2984 ablatorum
678 2903 860 2986 integritate
879 2903 945 2965 siue
968 2900 1118 2965 dilatione
1138 2901 1297 2981 restituas,
1318 2915 1374 2967 aut
1395 2903 1426 2967 in

472 3006 593 3068 octavis
608 3006 843 3089 Assumptionis
869 3005 972 3068 beatae
992 3004 1105 3068 Mariae
1121 3016 1229 3067 nostro
1244 3005 1427 3091 conspectui

475 3124 571 3189 super
593 3103 725 3187 objectis
744 3125 896 3188 appareas
916 3126 1134 3189 responsurus.
1181 3103 1271 3169 Licet
1287 3105 1370 3167 enim
1387 3105 1428 3169 de

467 3205 542 3291 jure
558 3219 645 3270 tuam
668 3227 831 3290 possemus
846 3206 960 3289 punire
976 3204 1241 3270 inobedientiam:
1265 3205 1426 3271 malumus

472 3318 576 3369 tamen
592 3328 649 3388 per
668 3305 852 3391 patientiam
873 3319 1040 3390 expectare
1061 3307 1136 3372 dum
1160 3310 1223 3370 cito
1238 3320 1342 3371 errata
1357 3332 1426 3372 cor-

473 3403 568 3490 rigas,
597 3418 627 3469 et
657 3407 701 3470 sic
722 3407 890 3471 imminens
913 3407 1076 3493 flagellum
1101 3409 1234 3473 evadere
1265 3409 1426 3474 merearis.

473 3507 624 3571 Munitus
639 3522 684 3573 est
707 3510 870 3574 Jordanus
893 3511 1068 3595 apostolico
1088 3510 1264 3596 privilegio,
1281 3515 1425 3575 munitus

471 3622 518 3673 est
530 3610 645 3674 litteris
661 3612 734 3687 tuis,
751 3614 896 3677 munitus
911 3626 959 3677 est
981 3612 1109 3676 testIum
1127 3611 1324 3689 sufficientia,
1342 3613 1423 3679 sicut

470 3710 564 3792 nosti,
590 3727 622 3778 et
644 3716 821 3778 meminisse
844 3716 1010 3791 debueras,
1039 3737 1136 3800 quam
1161 3715 1308 3796 fideliter,
1324 3738 1422 3800 quam

472 3815 592 3882 utiliter
607 3818 675 3904 ipse
690 3831 720 3883 et
737 3819 786 3882 sui
802 3830 943 3904 persaepe
959 3817 1152 3882 sudaverint.

740 4077 962 4141 EPISTOLA
989 4080 1147 4142 LXXIII.

512 4206 666 4267 OPrAros
692 4205 769 4267 mihi
797 4229 958 4272 successus
982 4211 1112 4274 fortuna
1142 4210 1276 4286 invidet,
1306 4221 1338 4272 et
1366 4212 1421 4295 pio

467 4305 595 4370 affectui
626 4305 796 4391 saepissime
826 4309 923 4394 impia
953 4310 1142 4377 reluctatur.
1203 4313 1241 4374 In
1274 4311 1421 4396 partibus

468 4411 580 4475 vestris
602 4411 705 4474 cordis
729 4414 789 4475 mei
819 4412 987 4480 thesaurus
1010 4417 1133 4499 pridem
1159 4417 1280 4479 locatus
1304 4424 1363 4494 est,
1387 4432 1420 4480 et
