<?xml version="1.0" encoding="UTF-8"?>
<!DOCTYPE html PUBLIC "-//W3C//DTD XHTML 1.0 Transitional//EN"
    "http://www.w3.org/TR/xhtml1/DTD/xhtml1-transitional.dtd">
<html xmlns="http://www.w3.org/1999/xhtml" xml:lang="en" lang="en">
 <head>
  <title>
</title>
<meta http-equiv="Content-Type" content="text/html;charset=utf-8" />
  <meta name='ocr-system' content='tesseract 3.04.00' />
  <meta name='ocr-capabilities' content='ocr_page ocr_carea ocr_par ocr_line ocrx_word'/>
</head>
<body>
  <div class='ocr_page' id='page_1' title='image "./operaomnianuncp03johngoog_0142.png"; bbox 0 0 3667 5475; ppageno 0'>
   <div class='ocr_carea' id='block_1_1' title="bbox 506 753 1451 833">
    <p class='ocr_par' dir='ltr' id='par_1_1' title="bbox 506 753 1451 833">
     <span class='ocr_line' id='line_1_1' title="bbox 506 753 1451 833; baseline -0.01 -7"><span class='ocrx_word' id='word_1_1' title='bbox 506 767 567 829; x_wconf 74' lang='lat' dir='ltr'><strong>lea</strong></span> <span class='ocrx_word' id='word_1_2' title='bbox 753 775 888 821; x_wconf 77' lang='lat' dir='ltr'><strong>Joxunrs</strong></span> <span class='ocrx_word' id='word_1_3' title='bbox 904 773 1183 819; x_wconf 71' lang='lat' dir='ltr'><strong>ssessuumsnsrs</strong></span> <span class='ocrx_word' id='word_1_4' title='bbox 1353 753 1401 833; x_wconf 76' lang='lat' dir='ltr'><strong>[a.</strong></span> <span class='ocrx_word' id='word_1_5' title='bbox 1418 767 1451 817; x_wconf 84' lang='lat' dir='ltr'><strong>o.</strong></span> 
     </span>
    </p>
   </div>
   <div class='ocr_carea' id='block_1_2' title="bbox 419 921 1453 1727">
    <p class='ocr_par' dir='ltr' id='par_1_2' title="bbox 419 921 1453 1727">
     <span class='ocr_line' id='line_1_2' title="bbox 500 921 1448 1017; baseline -0.009 -21"><span class='ocrx_word' id='word_1_6' title='bbox 500 951 600 1017; x_wconf 90' lang='lat' dir='ltr'><strong>quum</strong></span> <span class='ocrx_word' id='word_1_7' title='bbox 613 950 687 1014; x_wconf 89' lang='lat' dir='ltr'><strong>pars</strong></span> <span class='ocrx_word' id='word_1_8' title='bbox 701 926 833 991; x_wconf 85' lang='lat' dir='ltr'><strong>adversa</strong></span> <span class='ocrx_word' id='word_1_9' title='bbox 844 922 1033 988; x_wconf 88' lang='lat' dir='ltr'><strong>sufficienter</strong></span> <span class='ocrx_word' id='word_1_10' title='bbox 1044 924 1198 988; x_wconf 87' lang='lat' dir='ltr'><strong>instructa</strong></span> <span class='ocrx_word' id='word_1_11' title='bbox 1210 921 1346 987; x_wconf 87' lang='lat' dir='ltr'><strong>testibus</strong></span> <span class='ocrx_word' id='word_1_12' title='bbox 1358 943 1448 987; x_wconf 88' lang='lat' dir='ltr'><strong>suam</strong></span> 
     </span>
     <span class='ocr_line' id='line_1_3' title="bbox 476 1023 1449 1113; baseline -0.009 -15"><span class='ocrx_word' id='word_1_13' title='bbox 476 1023 486 1084; x_wconf 55' lang='lat' dir='ltr'><em>s</em></span> <span class='ocrx_word' id='word_1_14' title='bbox 499 1033 595 1097; x_wconf 84' lang='lat' dir='ltr'><strong>vellet</strong></span> <span class='ocrx_word' id='word_1_15' title='bbox 601 1030 736 1095; x_wconf 83' lang='lat' dir='ltr'><strong>fundare</strong></span> <span class='ocrx_word' id='word_1_16' title='bbox 748 1024 963 1101; x_wconf 87' lang='lat' dir='ltr'><strong>intentionem,</strong></span> <span class='ocrx_word' id='word_1_17' title='bbox 971 1026 1080 1091; x_wconf 87' lang='lat' dir='ltr'><strong>territa</strong></span> <span class='ocrx_word' id='word_1_18' title='bbox 1089 1039 1175 1091; x_wconf 91' lang='lat' dir='ltr'><strong>metu</strong></span> <span class='ocrx_word' id='word_1_19' title='bbox 1187 1023 1449 1113; x_wconf 83' lang='lat' dir='ltr'><strong>vano,etimpru-</strong></span> 
     </span>
     <span class='ocr_line' id='line_1_4' title="bbox 500 1126 1450 1212; baseline -0.006 -14"><span class='ocrx_word' id='word_1_20' title='bbox 500 1131 589 1198; x_wconf 90' lang='lat' dir='ltr'><strong>denti</strong></span> <span class='ocrx_word' id='word_1_21' title='bbox 600 1131 731 1196; x_wconf 83' lang='lat' dir='ltr'><strong>seducta</strong></span> <span class='ocrx_word' id='word_1_22' title='bbox 741 1128 884 1205; x_wconf 87' lang='lat' dir='ltr'><strong>consilio,</strong></span> <span class='ocrx_word' id='word_1_23' title='bbox 893 1126 1106 1212; x_wconf 83' lang='lat' dir='ltr'><strong>appellatione</strong></span> <span class='ocrx_word' id='word_1_24' title='bbox 1118 1139 1263 1192; x_wconf 87' lang='lat' dir='ltr'><strong>nostrum</strong></span> <span class='ocrx_word' id='word_1_25' title='bbox 1280 1127 1450 1192; x_wconf 82' lang='lat' dir='ltr'>declinavit</span> 
     </span>
     <span class='ocr_line' id='line_1_5' title="bbox 500 1228 1450 1314; baseline -0.006 -14"><span class='ocrx_word' id='word_1_26' title='bbox 500 1256 641 1300; x_wconf 81' lang='lat' dir='ltr'><strong>examen.</strong></span> <span class='ocrx_word' id='word_1_27' title='bbox 675 1233 742 1296; x_wconf 89' lang='lat' dir='ltr'><strong>Nos</strong></span> <span class='ocrx_word' id='word_1_28' title='bbox 756 1242 862 1294; x_wconf 90' lang='lat' dir='ltr'><strong>autem</strong></span> <span class='ocrx_word' id='word_1_29' title='bbox 880 1228 947 1292; x_wconf 89' lang='lat' dir='ltr'><strong>sedi</strong></span> <span class='ocrx_word' id='word_1_30' title='bbox 961 1229 1142 1314; x_wconf 79' lang='lat' dir='ltr'><strong>apostolicae</strong></span> <span class='ocrx_word' id='word_1_31' title='bbox 1158 1241 1194 1293; x_wconf 92' lang='lat' dir='ltr'><strong>ut</strong></span> <span class='ocrx_word' id='word_1_32' title='bbox 1206 1230 1349 1313; x_wconf 89' lang='lat' dir='ltr'><strong>oportuit</strong></span> <span class='ocrx_word' id='word_1_33' title='bbox 1362 1230 1450 1295; x_wconf 75' lang='lat' dir='ltr'><strong>defe-</strong></span> 
     </span>
     <span class='ocr_line' id='line_1_6' title="bbox 450 1316 1453 1418; baseline -0.002 -18"><span class='ocrx_word' id='word_1_34' title='bbox 450 1316 459 1329; x_wconf 50' lang='grc'><strong>”</strong></span> <span class='ocrx_word' id='word_1_35' title='bbox 499 1347 614 1408; x_wconf 70' lang='lat' dir='ltr'><strong>rentes</strong></span> <span class='ocrx_word' id='word_1_36' title='bbox 630 1357 688 1399; x_wconf 89' lang='lat' dir='ltr'><strong>nos</strong></span> <span class='ocrx_word' id='word_1_37' title='bbox 703 1333 791 1418; x_wconf 89' lang='lat' dir='ltr'><strong>ipsos·</strong></span> <span class='ocrx_word' id='word_1_38' title='bbox 803 1330 920 1394; x_wconf 84' lang='lat' dir='ltr'><strong>exinde</strong></span> <span class='ocrx_word' id='word_1_39' title='bbox 934 1353 953 1392; x_wconf 86' lang='lat' dir='ltr'><strong>a</strong></span> <span class='ocrx_word' id='word_1_40' title='bbox 968 1329 1124 1394; x_wconf 83' lang='lat' dir='ltr'><strong>decisione</strong></span> <span class='ocrx_word' id='word_1_41' title='bbox 1138 1344 1171 1396; x_wconf 90' lang='lat' dir='ltr'><strong>et</strong></span> <span class='ocrx_word' id='word_1_42' title='bbox 1190 1330 1369 1415; x_wconf 85' lang='lat' dir='ltr'><strong>cognitione</strong></span> <span class='ocrx_word' id='word_1_43' title='bbox 1384 1356 1453 1397; x_wconf 87' lang='lat' dir='ltr'><strong>sus-</strong></span> 
     </span>
     <span class='ocr_line' id='line_1_7' title="bbox 440 1420 1450 1524; baseline -0.004 -23"><span class='ocrx_word' id='word_1_44' title='bbox 440 1420 445 1463; x_wconf 88' lang='lat'><strong>·.</strong></span> <span class='ocrx_word' id='word_1_45' title='bbox 500 1435 677 1524; x_wconf 90' lang='lat' dir='ltr'><strong>pendimus,</strong></span> <span class='ocrx_word' id='word_1_46' title='bbox 694 1435 793 1498; x_wconf 92' lang='lat' dir='ltr'><strong>donec</strong></span> <span class='ocrx_word' id='word_1_47' title='bbox 808 1456 826 1497; x_wconf 94' lang='lat' dir='ltr'><strong>a</strong></span> <span class='ocrx_word' id='word_1_48' title='bbox 841 1432 914 1495; x_wconf 89' lang='lat' dir='ltr'><strong>sede</strong></span> <span class='ocrx_word' id='word_1_49' title='bbox 935 1445 1040 1495; x_wconf 87' lang='lat' dir='ltr'><strong>vestra</strong></span> <span class='ocrx_word' id='word_1_50' title='bbox 1056 1455 1160 1497; x_wconf 85' lang='lat' dir='ltr'><strong>causae</strong></span> <span class='ocrx_word' id='word_1_51' title='bbox 1180 1433 1277 1518; x_wconf 90' lang='lat' dir='ltr'><strong>hujus</strong></span> <span class='ocrx_word' id='word_1_52' title='bbox 1290 1432 1450 1519; x_wconf 90' lang='lat' dir='ltr'><strong>judicium</strong></span> 
     </span>
     <span class='ocr_line' id='line_1_8' title="bbox 439 1527 1453 1626; baseline -0.004 -23"><span class='ocrx_word' id='word_1_53' title='bbox 439 1546 440 1551; x_wconf 75' lang='grc'>’</span> <span class='ocrx_word' id='word_1_54' title='bbox 500 1539 646 1626; x_wconf 84' lang='lat' dir='ltr'><strong>prodeat,</strong></span> <span class='ocrx_word' id='word_1_55' title='bbox 669 1527 726 1602; x_wconf 89' lang='lat' dir='ltr'><strong>aut</strong></span> <span class='ocrx_word' id='word_1_56' title='bbox 742 1533 911 1621; x_wconf 88' lang='lat' dir='ltr'><strong>judicandi</strong></span> <span class='ocrx_word' id='word_1_57' title='bbox 933 1534 1105 1598; x_wconf 89' lang='lat' dir='ltr'><strong>auctoritas</strong></span> <span class='ocrx_word' id='word_1_58' title='bbox 1123 1534 1175 1597; x_wconf 91' lang='lat' dir='ltr'><strong>cui</strong></span> <span class='ocrx_word' id='word_1_59' title='bbox 1196 1538 1353 1619; x_wconf 86' lang='lat' dir='ltr'><strong>placuerit</strong></span> <span class='ocrx_word' id='word_1_60' title='bbox 1367 1535 1453 1600; x_wconf 85' lang='lat' dir='ltr'><strong>dele-</strong></span> 
     </span>
     <span class='ocr_line' id='line_1_9' title="bbox 419 1635 1453 1727; baseline -0.002 -24"><span class='ocrx_word' id='word_1_61' title='bbox 419 1700 421 1703; x_wconf 84' lang='lat'>.</span> <span class='ocrx_word' id='word_1_62' title='bbox 451 1692 453 1697; x_wconf 68' lang='lat'><strong>,</strong></span> <span class='ocrx_word' id='word_1_63' title='bbox 501 1654 606 1727; x_wconf 85' lang='lat' dir='ltr'><strong>getur.</strong></span> <span class='ocrx_word' id='word_1_64' title='bbox 649 1639 783 1703; x_wconf 88' lang='lat' dir='ltr'><strong>Interim</strong></span> <span class='ocrx_word' id='word_1_65' title='bbox 800 1638 839 1701; x_wconf 88' lang='lat' dir='ltr'><strong>do</strong></span> <span class='ocrx_word' id='word_1_66' title='bbox 855 1636 960 1701; x_wconf 88' lang='lat' dir='ltr'><strong>medio</strong></span> <span class='ocrx_word' id='word_1_67' title='bbox 975 1635 1122 1701; x_wconf 88' lang='lat' dir='ltr'><strong>sublatus</strong></span> <span class='ocrx_word' id='word_1_68' title='bbox 1141 1648 1189 1700; x_wconf 89' lang='lat' dir='ltr'><strong>est</strong></span> <span class='ocrx_word' id='word_1_69' title='bbox 1211 1635 1273 1722; x_wconf 86' lang='lat' dir='ltr'><strong>piae</strong></span> <span class='ocrx_word' id='word_1_70' title='bbox 1290 1637 1453 1701; x_wconf 74' lang='lat' dir='ltr'><strong>memorias</strong></span> 
     </span>
    </p>
   </div>
   <div class='ocr_carea' id='block_1_3' title="bbox 396 1736 1454 1818">
    <p class='ocr_par' dir='ltr' id='par_1_3' title="bbox 396 1736 1454 1818">
     <span class='ocr_line' id='line_1_10' title="bbox 396 1736 1454 1818; baseline -0.004 -10"><span class='ocrx_word' id='word_1_71' title='bbox 396 1745 411 1796; x_wconf 70' lang='lat' dir='ltr'><em>ss</em></span> <span class='ocrx_word' id='word_1_72' title='bbox 502 1744 645 1809; x_wconf 73' lang='lat' dir='ltr'><strong>decessor</strong></span> <span class='ocrx_word' id='word_1_73' title='bbox 666 1754 770 1806; x_wconf 86' lang='lat' dir='ltr'><strong>vester</strong></span> <span class='ocrx_word' id='word_1_74' title='bbox 791 1738 939 1804; x_wconf 88' lang='lat' dir='ltr'><strong>dominus</strong></span> <span class='ocrx_word' id='word_1_75' title='bbox 966 1736 1136 1818; x_wconf 84' lang='lat' dir='ltr'><strong>Adrianus,</strong></span> <span class='ocrx_word' id='word_1_76' title='bbox 1159 1750 1191 1803; x_wconf 89' lang='lat' dir='ltr'><strong>et</strong></span> <span class='ocrx_word' id='word_1_77' title='bbox 1213 1739 1290 1801; x_wconf 92' lang='lat' dir='ltr'><strong>dum</strong></span> <span class='ocrx_word' id='word_1_78' title='bbox 1313 1738 1454 1804; x_wconf 87' lang='lat' dir='ltr'><strong>salvator</strong></span> 
     </span>
    </p>
   </div>
   <div class='ocr_carea' id='block_1_4' title="bbox 446 1838 1463 4266">
    <p class='ocr_par' dir='ltr' id='par_1_4' title="bbox 446 1838 1463 4266">
     <span class='ocr_line' id='line_1_11' title="bbox 501 1838 1454 1929; baseline -0.004 -19"><span class='ocrx_word' id='word_1_79' title='bbox 501 1846 644 1911; x_wconf 88' lang='lat' dir='ltr'><strong>fidelium</strong></span> <span class='ocrx_word' id='word_1_80' title='bbox 666 1842 815 1929; x_wconf 82' lang='lat' dir='ltr'><strong>precibus</strong></span> <span class='ocrx_word' id='word_1_81' title='bbox 844 1840 1013 1915; x_wconf 86' lang='lat' dir='ltr'><strong>excitetur,</strong></span> <span class='ocrx_word' id='word_1_82' title='bbox 1036 1838 1245 1905; x_wconf 84' lang='lat' dir='ltr'><strong>invalescente</strong></span> <span class='ocrx_word' id='word_1_83' title='bbox 1274 1840 1454 1907; x_wconf 78' lang='lat' dir='ltr'><strong>schismatis</strong></span> 
     </span>
     <span class='ocr_line' id='line_1_12' title="bbox 446 1942 1455 2027; baseline -0.004 -15"><span class='ocrx_word' id='word_1_84' title='bbox 446 1962 452 1983; x_wconf 79' lang='lat'>⁸</span> <span class='ocrx_word' id='word_1_85' title='bbox 502 1947 642 2023; x_wconf 87' lang='lat' dir='ltr'><strong>turbiue,</strong></span> <span class='ocrx_word' id='word_1_86' title='bbox 658 1958 691 2009; x_wconf 91' lang='lat' dir='ltr'><strong>et</strong></span> <span class='ocrx_word' id='word_1_87' title='bbox 705 1955 885 2027; x_wconf 85' lang='lat' dir='ltr'><strong>emergente</strong></span> <span class='ocrx_word' id='word_1_88' title='bbox 897 1942 1057 2007; x_wconf 89' lang='lat' dir='ltr'><strong>collisione</strong></span> <span class='ocrx_word' id='word_1_89' title='bbox 1068 1962 1250 2027; x_wconf 86' lang='lat' dir='ltr'><strong>regnorum,</strong></span> <span class='ocrx_word' id='word_1_90' title='bbox 1261 1966 1351 2007; x_wconf 84' lang='lat' dir='ltr'><strong>suam</strong></span> <span class='ocrx_word' id='word_1_91' title='bbox 1362 1947 1455 2008; x_wconf 81' lang='lat' dir='ltr'><strong>Deus</strong></span> 
     </span>
     <span class='ocr_line' id='line_1_13' title="bbox 502 2042 1454 2132; baseline -0.001 -22"><span class='ocrx_word' id='word_1_92' title='bbox 502 2046 647 2132; x_wconf 86' lang='lat' dir='ltr'><strong>permisit</strong></span> <span class='ocrx_word' id='word_1_93' title='bbox 669 2044 793 2109; x_wconf 89' lang='lat' dir='ltr'><strong>turbari</strong></span> <span class='ocrx_word' id='word_1_94' title='bbox 810 2044 985 2121; x_wconf 91' lang='lat' dir='ltr'><strong>ecclesiam,</strong></span> <span class='ocrx_word' id='word_1_95' title='bbox 1000 2051 1033 2107; x_wconf 91' lang='lat' dir='ltr'><strong>et</strong></span> <span class='ocrx_word' id='word_1_96' title='bbox 1053 2042 1141 2107; x_wconf 90' lang='lat' dir='ltr'><strong>velut</strong></span> <span class='ocrx_word' id='word_1_97' title='bbox 1154 2043 1320 2130; x_wconf 88' lang='lat' dir='ltr'><strong>interjecto</strong></span> <span class='ocrx_word' id='word_1_98' title='bbox 1341 2044 1454 2109; x_wconf 88' lang='lat' dir='ltr'><strong>infide·</strong></span> 
     </span>
     <span class='ocr_line' id='line_1_14' title="bbox 502 2146 1454 2238; baseline -0.001 -26"><span class='ocrx_word' id='word_1_99' title='bbox 502 2148 581 2212; x_wconf 91' lang='lat' dir='ltr'><strong>lium</strong></span> <span class='ocrx_word' id='word_1_100' title='bbox 597 2147 696 2223; x_wconf 88' lang='lat' dir='ltr'><strong>obice,</strong></span> <span class='ocrx_word' id='word_1_101' title='bbox 718 2169 813 2238; x_wconf 89' lang='lat' dir='ltr'><strong>quem</strong></span> <span class='ocrx_word' id='word_1_102' title='bbox 831 2150 921 2211; x_wconf 89' lang='lat' dir='ltr'><strong>Deus</strong></span> <span class='ocrx_word' id='word_1_103' title='bbox 943 2146 1089 2233; x_wconf 89' lang='lat' dir='ltr'><strong>dissipet,</strong></span> <span class='ocrx_word' id='word_1_104' title='bbox 1104 2147 1200 2211; x_wconf 86' lang='lat' dir='ltr'><strong>chaos</strong></span> <span class='ocrx_word' id='word_1_105' title='bbox 1214 2146 1454 2233; x_wconf 83' lang='lat' dir='ltr'><strong>quodammodo</strong></span> 
     </span>
     <span class='ocr_line' id='line_1_15' title="bbox 503 2248 1456 2334; baseline 0.001 -22"><span class='ocrx_word' id='word_1_106' title='bbox 503 2248 586 2313; x_wconf 91' lang='lat' dir='ltr'><strong>inter</strong></span> <span class='ocrx_word' id='word_1_107' title='bbox 600 2271 657 2311; x_wconf 84' lang='lat' dir='ltr'><strong>vos</strong></span> <span class='ocrx_word' id='word_1_108' title='bbox 670 2259 702 2312; x_wconf 91' lang='lat' dir='ltr'><strong>et</strong></span> <span class='ocrx_word' id='word_1_109' title='bbox 718 2270 774 2310; x_wconf 91' lang='lat' dir='ltr'><strong>nos</strong></span> <span class='ocrx_word' id='word_1_110' title='bbox 790 2249 951 2313; x_wconf 89' lang='lat' dir='ltr'><strong>firmatum</strong></span> <span class='ocrx_word' id='word_1_111' title='bbox 967 2264 1026 2329; x_wconf 83' lang='lat' dir='ltr'><strong>est,</strong></span> <span class='ocrx_word' id='word_1_112' title='bbox 1041 2260 1078 2313; x_wconf 92' lang='lat' dir='ltr'><strong>ut</strong></span> <span class='ocrx_word' id='word_1_113' title='bbox 1093 2249 1161 2313; x_wconf 88' lang='lat' dir='ltr'><strong>sine</strong></span> <span class='ocrx_word' id='word_1_114' title='bbox 1181 2271 1296 2333; x_wconf 80' lang='lat' dir='ltr'><strong>magno</strong></span> <span class='ocrx_word' id='word_1_115' title='bbox 1311 2248 1456 2334; x_wconf 90' lang='lat' dir='ltr'><strong>periculo</strong></span> 
     </span>
     <span class='ocr_line' id='line_1_16' title="bbox 502 2350 1454 2437; baseline 0 -22"><span class='ocrx_word' id='word_1_116' title='bbox 502 2373 565 2415; x_wconf 89' lang='lat' dir='ltr'><strong>nou</strong></span> <span class='ocrx_word' id='word_1_117' title='bbox 580 2362 687 2437; x_wconf 89' lang='lat' dir='ltr'><strong>posset</strong></span> <span class='ocrx_word' id='word_1_118' title='bbox 703 2350 774 2435; x_wconf 93' lang='lat' dir='ltr'><strong>quis</strong></span> <span class='ocrx_word' id='word_1_119' title='bbox 789 2351 830 2415; x_wconf 85' lang='lat' dir='ltr'><strong>ab</strong></span> <span class='ocrx_word' id='word_1_120' title='bbox 845 2351 914 2415; x_wconf 81' lang='lat' dir='ltr'><strong>eliis</strong></span> <span class='ocrx_word' id='word_1_121' title='bbox 928 2351 969 2415; x_wconf 87' lang='lat' dir='ltr'><strong>ad</strong></span> <span class='ocrx_word' id='word_1_122' title='bbox 979 2352 1057 2416; x_wconf 91' lang='lat' dir='ltr'><strong>alios</strong></span> <span class='ocrx_word' id='word_1_123' title='bbox 1071 2352 1271 2437; x_wconf 88' lang='lat' dir='ltr'><strong>pertransire.</strong></span> <span class='ocrx_word' id='word_1_124' title='bbox 1294 2352 1454 2437; x_wconf 84' lang='lat' dir='ltr'><strong>Elapsum</strong></span> 
     </span>
     <span class='ocr_line' id='line_1_17' title="bbox 504 2449 1455 2539; baseline 0.002 -23"><span class='ocrx_word' id='word_1_125' title='bbox 504 2465 552 2517; x_wconf 88' lang='lat' dir='ltr'><strong>est</strong></span> <span class='ocrx_word' id='word_1_126' title='bbox 567 2471 643 2538; x_wconf 86' lang='lat' dir='ltr'><strong>ergo</strong></span> <span class='ocrx_word' id='word_1_127' title='bbox 658 2465 796 2539; x_wconf 87' lang='lat' dir='ltr'><strong>tempus,</strong></span> <span class='ocrx_word' id='word_1_128' title='bbox 810 2476 876 2539; x_wconf 91' lang='lat' dir='ltr'><strong>quo</strong></span> <span class='ocrx_word' id='word_1_129' title='bbox 891 2449 1136 2539; x_wconf 77' lang='lat' dir='ltr'><strong>appellationem</strong></span> <span class='ocrx_word' id='word_1_130' title='bbox 1152 2476 1240 2517; x_wconf 86' lang='lat' dir='ltr'><strong>suam</strong></span> <span class='ocrx_word' id='word_1_131' title='bbox 1250 2477 1289 2518; x_wconf 86' lang='lat' dir='ltr'><strong>ex</strong></span> <span class='ocrx_word' id='word_1_132' title='bbox 1298 2454 1455 2539; x_wconf 90' lang='lat' dir='ltr'><strong>promisso</strong></span> 
     </span>
     <span class='ocr_line' id='line_1_18' title="bbox 504 2548 1454 2642; baseline 0.003 -25"><span class='ocrx_word' id='word_1_133' title='bbox 504 2555 655 2640; x_wconf 86' lang='lat' dir='ltr'><strong>prosequi</strong></span> <span class='ocrx_word' id='word_1_134' title='bbox 684 2554 839 2620; x_wconf 90' lang='lat' dir='ltr'><strong>debuerat</strong></span> <span class='ocrx_word' id='word_1_135' title='bbox 861 2548 1052 2642; x_wconf 81' lang='lat' dir='ltr'><strong>appellator:</strong></span> <span class='ocrx_word' id='word_1_136' title='bbox 1079 2558 1132 2620; x_wconf 88' lang='lat' dir='ltr'><strong>Ita</strong></span> <span class='ocrx_word' id='word_1_137' title='bbox 1153 2555 1296 2641; x_wconf 88' lang='lat' dir='ltr'><strong>quidem,</strong></span> <span class='ocrx_word' id='word_1_138' title='bbox 1327 2568 1454 2621; x_wconf 91' lang='lat' dir='ltr'><strong>uttam</strong></span> 
     </span>
     <span class='ocr_line' id='line_1_19' title="bbox 505 2657 1457 2743; baseline 0.003 -24"><span class='ocrx_word' id='word_1_139' title='bbox 505 2667 593 2720; x_wconf 88' lang='lat' dir='ltr'><strong>actor</strong></span> <span class='ocrx_word' id='word_1_140' title='bbox 614 2678 711 2743; x_wconf 91' lang='lat' dir='ltr'><strong>quam</strong></span> <span class='ocrx_word' id='word_1_141' title='bbox 733 2679 807 2721; x_wconf 89' lang='lat' dir='ltr'><strong>reus</strong></span> <span class='ocrx_word' id='word_1_142' title='bbox 828 2657 869 2720; x_wconf 90' lang='lat' dir='ltr'><strong>ab</strong></span> <span class='ocrx_word' id='word_1_143' title='bbox 891 2657 1076 2722; x_wconf 86' lang='lat' dir='ltr'><strong>executione</strong></span> <span class='ocrx_word' id='word_1_144' title='bbox 1097 2681 1201 2723; x_wconf 85' lang='lat' dir='ltr'><strong>causae</strong></span> <span class='ocrx_word' id='word_1_145' title='bbox 1220 2658 1368 2723; x_wconf 89' lang='lat' dir='ltr'><strong>videatur</strong></span> <span class='ocrx_word' id='word_1_146' title='bbox 1388 2681 1457 2722; x_wconf 86' lang='lat' dir='ltr'><strong>om·</strong></span> 
     </span>
     <span class='ocr_line' id='line_1_20' title="bbox 503 2758 1454 2846; baseline 0.002 -22"><span class='ocrx_word' id='word_1_147' title='bbox 503 2759 580 2824; x_wconf 84' lang='lat' dir='ltr'><strong>nino</strong></span> <span class='ocrx_word' id='word_1_148' title='bbox 591 2758 761 2838; x_wconf 85' lang='lat' dir='ltr'><strong>destitisse,</strong></span> <span class='ocrx_word' id='word_1_149' title='bbox 774 2759 888 2825; x_wconf 83' lang='lat' dir='ltr'><strong>deinde</strong></span> <span class='ocrx_word' id='word_1_150' title='bbox 897 2760 964 2824; x_wconf 85' lang='lat' dir='ltr'><strong>fere</strong></span> <span class='ocrx_word' id='word_1_151' title='bbox 978 2761 1061 2844; x_wconf 78' lang='lat' dir='ltr'><strong>circa</strong></span> <span class='ocrx_word' id='word_1_152' title='bbox 1072 2760 1232 2846; x_wconf 86' lang='lat' dir='ltr'><strong>sequentis</strong></span> <span class='ocrx_word' id='word_1_153' title='bbox 1243 2764 1318 2826; x_wconf 90' lang='lat' dir='ltr'><strong>anui</strong></span> <span class='ocrx_word' id='word_1_154' title='bbox 1327 2760 1454 2827; x_wconf 86' lang='lat' dir='ltr'><strong>initium</strong></span> 
     </span>
     <span class='ocr_line' id='line_1_21' title="bbox 498 2860 1456 2949; baseline 0.004 -25"><span class='ocrx_word' id='word_1_155' title='bbox 498 2860 672 2947; x_wconf 83' lang='lat' dir='ltr'><strong>jamdictus</strong></span> <span class='ocrx_word' id='word_1_156' title='bbox 691 2861 839 2947; x_wconf 84' lang='lat' dir='ltr'><strong>Rogerus</strong></span> <span class='ocrx_word' id='word_1_157' title='bbox 859 2860 899 2924; x_wconf 82' lang='lat' dir='ltr'><strong>ad</strong></span> <span class='ocrx_word' id='word_1_158' title='bbox 921 2884 979 2924; x_wconf 91' lang='lat' dir='ltr'><strong>nos</strong></span> <span class='ocrx_word' id='word_1_159' title='bbox 1000 2882 1073 2925; x_wconf 89' lang='lat' dir='ltr'><strong>cum</strong></span> <span class='ocrx_word' id='word_1_160' title='bbox 1098 2861 1214 2926; x_wconf 90' lang='lat' dir='ltr'><strong>litteris</strong></span> <span class='ocrx_word' id='word_1_161' title='bbox 1236 2861 1357 2927; x_wconf 91' lang='lat' dir='ltr'><strong>domini</strong></span> <span class='ocrx_word' id='word_1_162' title='bbox 1372 2863 1456 2949; x_wconf 83' lang='lat' dir='ltr'><strong>regis</strong></span> 
     </span>
     <span class='ocr_line' id='line_1_22' title="bbox 468 2958 1456 3055; baseline 0.006 -29"><span class='ocrx_word' id='word_1_163' title='bbox 468 3042 483 3055; x_wconf 67' lang='lat'>„</span> <span class='ocrx_word' id='word_1_164' title='bbox 504 2958 667 3039; x_wconf 76' lang='lat' dir='ltr'><strong>accedens,</strong></span> <span class='ocrx_word' id='word_1_165' title='bbox 690 2961 894 3049; x_wconf 88' lang='lat' dir='ltr'><strong>appellationi</strong></span> <span class='ocrx_word' id='word_1_166' title='bbox 919 2985 1013 3048; x_wconf 84' lang='lat' dir='ltr'><strong>quom</strong></span> <span class='ocrx_word' id='word_1_167' title='bbox 1036 2964 1165 3038; x_wconf 84' lang='lat' dir='ltr'><strong>fecerat,</strong></span> <span class='ocrx_word' id='word_1_168' title='bbox 1194 2965 1401 3042; x_wconf 86' lang='lat' dir='ltr'><strong>renuntiavit,</strong></span> <span class='ocrx_word' id='word_1_169' title='bbox 1423 2979 1456 3032; x_wconf 91' lang='lat' dir='ltr'><strong>et</strong></span> 
     </span>
     <span class='ocr_line' id='line_1_23' title="bbox 482 3066 1460 3153; baseline 0.005 -25"><span class='ocrx_word' id='word_1_170' title='bbox 482 3136 484 3138; x_wconf 7' lang='lat' dir='ltr'>v</span> <span class='ocrx_word' id='word_1_171' title='bbox 505 3085 565 3149; x_wconf 88' lang='lat' dir='ltr'><strong>pro</strong></span> <span class='ocrx_word' id='word_1_172' title='bbox 579 3069 755 3129; x_wconf 87' lang='lat' dir='ltr'><strong>reverentia</strong></span> <span class='ocrx_word' id='word_1_173' title='bbox 775 3066 853 3151; x_wconf 85' lang='lat' dir='ltr'><strong>regii</strong></span> <span class='ocrx_word' id='word_1_174' title='bbox 870 3066 1013 3130; x_wconf 89' lang='lat' dir='ltr'><strong>mandati</strong></span> <span class='ocrx_word' id='word_1_175' title='bbox 1034 3066 1128 3153; x_wconf 88' lang='lat' dir='ltr'><strong>petiit</strong></span> <span class='ocrx_word' id='word_1_176' title='bbox 1147 3067 1207 3131; x_wconf 88' lang='lat' dir='ltr'><strong>sibi</strong></span> <span class='ocrx_word' id='word_1_177' title='bbox 1224 3067 1384 3153; x_wconf 85' lang='lat' dir='ltr'><strong>justitiam</strong></span> <span class='ocrx_word' id='word_1_178' title='bbox 1403 3093 1460 3133; x_wconf 86' lang='lat' dir='ltr'><strong>ex-</strong></span> 
     </span>
     <span class='ocr_line' id='line_1_24' title="bbox 505 3151 1460 3254; baseline 0.008 -31"><span class='ocrx_word' id='word_1_179' title='bbox 505 3155 618 3226; x_wconf 84' lang='lat' dir='ltr'><strong>hiberi.</strong></span> <span class='ocrx_word' id='word_1_180' title='bbox 665 3163 778 3246; x_wconf 88' lang='lat' dir='ltr'><strong>Itaque</strong></span> <span class='ocrx_word' id='word_1_181' title='bbox 801 3161 929 3226; x_wconf 91' lang='lat' dir='ltr'><strong>demum</strong></span> <span class='ocrx_word' id='word_1_182' title='bbox 945 3176 1017 3248; x_wconf 90' lang='lat' dir='ltr'><strong>post</strong></span> <span class='ocrx_word' id='word_1_183' title='bbox 1033 3187 1128 3228; x_wconf 92' lang='lat' dir='ltr'><strong>unam</strong></span> <span class='ocrx_word' id='word_1_184' title='bbox 1143 3177 1175 3229; x_wconf 88' lang='lat' dir='ltr'><strong>et</strong></span> <span class='ocrx_word' id='word_1_185' title='bbox 1198 3164 1328 3229; x_wconf 88' lang='lat' dir='ltr'><strong>alteram</strong></span> <span class='ocrx_word' id='word_1_186' title='bbox 1350 3151 1460 3254; x_wconf 72' lang='lat' dir='ltr'><strong>appel-</strong></span> 
     </span>
     <span class='ocr_line' id='line_1_25' title="bbox 506 3256 1459 3350; baseline 0.013 -27"><span class='ocrx_word' id='word_1_187' title='bbox 506 3261 655 3326; x_wconf 89' lang='lat' dir='ltr'><strong>lationem</strong></span> <span class='ocrx_word' id='word_1_188' title='bbox 667 3263 762 3326; x_wconf 89' lang='lat' dir='ltr'><strong>tertio</strong></span> <span class='ocrx_word' id='word_1_189' title='bbox 773 3262 877 3327; x_wconf 88' lang='lat' dir='ltr'><strong>edicto</strong></span> <span class='ocrx_word' id='word_1_190' title='bbox 889 3256 1102 3350; x_wconf 88' lang='lat' dir='ltr'><strong>peremptorio</strong></span> <span class='ocrx_word' id='word_1_191' title='bbox 1113 3267 1211 3330; x_wconf 88' lang='lat' dir='ltr'><strong>citata</strong></span> <span class='ocrx_word' id='word_1_192' title='bbox 1223 3279 1270 3332; x_wconf 87' lang='lat' dir='ltr'><strong>est</strong></span> <span class='ocrx_word' id='word_1_193' title='bbox 1286 3269 1459 3348; x_wconf 80' lang='lat' dir='ltr'><strong>abbatissa,</strong></span> 
     </span>
     <span class='ocr_line' id='line_1_26' title="bbox 506 3361 1457 3448; baseline 0.014 -25"><span class='ocrx_word' id='word_1_194' title='bbox 506 3385 584 3447; x_wconf 73' lang='lat' dir='ltr'><strong>quaa¹</strong></span> <span class='ocrx_word' id='word_1_195' title='bbox 597 3361 698 3425; x_wconf 88' lang='lat' dir='ltr'><strong>missis</strong></span> <span class='ocrx_word' id='word_1_196' title='bbox 713 3365 972 3448; x_wconf 89' lang='lat' dir='ltr'><strong>procuratoribus</strong></span> <span class='ocrx_word' id='word_1_197' title='bbox 985 3388 1075 3431; x_wconf 93' lang='lat' dir='ltr'><strong>suam</strong></span> <span class='ocrx_word' id='word_1_198' title='bbox 1090 3382 1203 3433; x_wconf 87' lang='lat' dir='ltr'><strong>conata</strong></span> <span class='ocrx_word' id='word_1_199' title='bbox 1217 3382 1265 3434; x_wconf 90' lang='lat' dir='ltr'><strong>est</strong></span> <span class='ocrx_word' id='word_1_200' title='bbox 1280 3370 1457 3437; x_wconf 89' lang='lat' dir='ltr'><strong>absentiam</strong></span> 
     </span>
     <span class='ocr_line' id='line_1_27' title="bbox 506 3464 1461 3556; baseline 0.012 -28"><span class='ocrx_word' id='word_1_201' title='bbox 506 3483 675 3528; x_wconf 86' lang='lat' dir='ltr'><strong>excusare:</strong></span> <span class='ocrx_word' id='word_1_202' title='bbox 702 3464 927 3531; x_wconf 88' lang='lat' dir='ltr'><strong>insufficientes</strong></span> <span class='ocrx_word' id='word_1_203' title='bbox 949 3480 1054 3533; x_wconf 88' lang='lat' dir='ltr'><strong>tamen</strong></span> <span class='ocrx_word' id='word_1_204' title='bbox 1077 3492 1197 3550; x_wconf 85' lang='lat' dir='ltr'><strong>causas,</strong></span> <span class='ocrx_word' id='word_1_205' title='bbox 1217 3484 1254 3537; x_wconf 87' lang='lat' dir='ltr'><strong>ut</strong></span> <span class='ocrx_word' id='word_1_206' title='bbox 1278 3473 1461 3556; x_wconf 87' lang='lat' dir='ltr'><strong>videbatur,</strong></span> 
     </span>
     <span class='ocr_line' id='line_1_28' title="bbox 506 3568 1461 3655; baseline 0.013 -26"><span class='ocrx_word' id='word_1_207' title='bbox 506 3569 718 3651; x_wconf 67' lang='lat' dir='ltr'><strong>praetendens</strong></span> <span class='ocrx_word' id='word_1_208' title='bbox 739 3568 823 3632; x_wconf 92' lang='lat' dir='ltr'><strong>unde</strong></span> <span class='ocrx_word' id='word_1_209' title='bbox 837 3569 914 3654; x_wconf 90' lang='lat' dir='ltr'><strong>quia</strong></span> <span class='ocrx_word' id='word_1_210' title='bbox 935 3571 1107 3655; x_wconf 92' lang='lat' dir='ltr'><strong>prohibita,</strong></span> <span class='ocrx_word' id='word_1_211' title='bbox 1124 3573 1305 3639; x_wconf 89' lang='lat' dir='ltr'><strong>dilationem</strong></span> <span class='ocrx_word' id='word_1_212' title='bbox 1323 3576 1461 3641; x_wconf 89' lang='lat' dir='ltr'><strong>ulterius</strong></span> 
     </span>
     <span class='ocr_line' id='line_1_29' title="bbox 506 3667 1461 3764; baseline 0.012 -34"><span class='ocrx_word' id='word_1_213' title='bbox 506 3667 649 3732; x_wconf 89' lang='lat' dir='ltr'><strong>obtinere</strong></span> <span class='ocrx_word' id='word_1_214' title='bbox 671 3691 732 3732; x_wconf 92' lang='lat' dir='ltr'><strong>non</strong></span> <span class='ocrx_word' id='word_1_215' title='bbox 755 3668 873 3754; x_wconf 90' lang='lat' dir='ltr'><strong>potuit,</strong></span> <span class='ocrx_word' id='word_1_216' title='bbox 896 3671 1100 3737; x_wconf 79' lang='lat' dir='ltr'><strong>ad&#39;vestram</strong></span> <span class='ocrx_word' id='word_1_217' title='bbox 1126 3675 1321 3740; x_wconf 89' lang='lat' dir='ltr'><strong>audientiam</strong></span> <span class='ocrx_word' id='word_1_218' title='bbox 1347 3675 1461 3764; x_wconf 85' lang='lat' dir='ltr'><strong>appel·</strong></span> 
     </span>
     <span class='ocr_line' id='line_1_30' title="bbox 506 3768 1459 3861; baseline 0.01 -30"><span class='ocrx_word' id='word_1_219' title='bbox 506 3768 594 3846; x_wconf 89' lang='lat' dir='ltr'><strong>lavit,</strong></span> <span class='ocrx_word' id='word_1_220' title='bbox 621 3769 704 3834; x_wconf 91' lang='lat' dir='ltr'><strong>diem</strong></span> <span class='ocrx_word' id='word_1_221' title='bbox 734 3770 902 3855; x_wconf 85' lang='lat' dir='ltr'><strong>praefigens</strong></span> <span class='ocrx_word' id='word_1_222' title='bbox 929 3773 1142 3854; x_wconf 88' lang='lat' dir='ltr'><strong>Dominicam,</strong></span> <span class='ocrx_word' id='word_1_223' title='bbox 1168 3797 1234 3861; x_wconf 91' lang='lat' dir='ltr'><strong>qua</strong></span> <span class='ocrx_word' id='word_1_224' title='bbox 1262 3776 1459 3856; x_wconf 87' lang='lat' dir='ltr'><strong>cantabitur,</strong></span> 
     </span>
     <span class='ocr_line' id='line_1_31' title="bbox 509 3872 1460 3955; baseline 0.005 -17"><span class='ocrx_word' id='word_1_225' title='bbox 509 3873 611 3940; x_wconf 69' lang='lat' dir='ltr'><strong>Quasi</strong></span> <span class='ocrx_word' id='word_1_226' title='bbox 631 3874 720 3936; x_wconf 82' lang='lat' dir='ltr'><strong>modo</strong></span> <span class='ocrx_word' id='word_1_227' title='bbox 737 3872 853 3955; x_wconf 68' lang='lat' dir='ltr'><strong>pertiti,</strong></span> <span class='ocrx_word' id='word_1_228' title='bbox 875 3872 984 3936; x_wconf 90' lang='lat' dir='ltr'><strong>dicens</strong></span> <span class='ocrx_word' id='word_1_229' title='bbox 1005 3897 1037 3937; x_wconf 90' lang='lat' dir='ltr'><strong>se</strong></span> <span class='ocrx_word' id='word_1_230' title='bbox 1063 3874 1104 3937; x_wconf 91' lang='lat' dir='ltr'><strong>ab</strong></span> <span class='ocrx_word' id='word_1_231' title='bbox 1130 3874 1308 3941; x_wconf 83' lang='lat' dir='ltr'><strong>adversario</strong></span> <span class='ocrx_word' id='word_1_232' title='bbox 1334 3876 1460 3943; x_wconf 86' lang='lat' dir='ltr'><strong>diutius</strong></span> 
     </span>
     <span class='ocr_line' id='line_1_32' title="bbox 507 3971 1463 4062; baseline 0.012 -28"><span class='ocrx_word' id='word_1_233' title='bbox 507 3971 624 4056; x_wconf 86' lang='lat' dir='ltr'><strong>injuste</strong></span> <span class='ocrx_word' id='word_1_234' title='bbox 646 3984 806 4049; x_wconf 89' lang='lat' dir='ltr'><strong>vexatam,</strong></span> <span class='ocrx_word' id='word_1_235' title='bbox 838 3986 868 4037; x_wconf 90' lang='lat' dir='ltr'><strong>et</strong></span> <span class='ocrx_word' id='word_1_236' title='bbox 896 3973 936 4038; x_wconf 88' lang='lat' dir='ltr'><strong>ei</strong></span> <span class='ocrx_word' id='word_1_237' title='bbox 952 3975 1030 4038; x_wconf 91' lang='lat' dir='ltr'><strong>nihil</strong></span> <span class='ocrx_word' id='word_1_238' title='bbox 1052 3975 1137 4061; x_wconf 90' lang='lat' dir='ltr'><strong>juris</strong></span> <span class='ocrx_word' id='word_1_239' title='bbox 1166 3991 1345 4062; x_wconf 89' lang='lat' dir='ltr'><strong>competere</strong></span> <span class='ocrx_word' id='word_1_240' title='bbox 1366 3979 1399 4042; x_wconf 89' lang='lat' dir='ltr'><strong>in</strong></span> <span class='ocrx_word' id='word_1_241' title='bbox 1421 3981 1463 4046; x_wconf 87' lang='lat' dir='ltr'><strong>iis</strong></span> 
     </span>
     <span class='ocr_line' id='line_1_33' title="bbox 507 4071 1462 4164; baseline 0.013 -31"><span class='ocrx_word' id='word_1_242' title='bbox 507 4094 581 4156; x_wconf 88' lang='lat' dir='ltr'><strong>quae</strong></span> <span class='ocrx_word' id='word_1_243' title='bbox 596 4072 786 4136; x_wconf 90' lang='lat' dir='ltr'><strong>moliebatur</strong></span> <span class='ocrx_word' id='word_1_244' title='bbox 801 4097 857 4159; x_wconf 90' lang='lat' dir='ltr'><strong>per</strong></span> <span class='ocrx_word' id='word_1_245' title='bbox 876 4071 1063 4139; x_wconf 90' lang='lat' dir='ltr'><strong>calumniam</strong></span> <span class='ocrx_word' id='word_1_246' title='bbox 1087 4090 1278 4164; x_wconf 87' lang='lat' dir='ltr'><strong>extorquere</strong></span> <span class='ocrx_word' id='word_1_247' title='bbox 1297 4094 1330 4144; x_wconf 88' lang='lat' dir='ltr'><strong>et</strong></span> <span class='ocrx_word' id='word_1_248' title='bbox 1352 4103 1385 4143; x_wconf 92' lang='lat' dir='ltr'><strong>se</strong></span> <span class='ocrx_word' id='word_1_249' title='bbox 1405 4081 1462 4144; x_wconf 92' lang='lat' dir='ltr'><strong>ad-</strong></span> 
     </span>
     <span class='ocr_line' id='line_1_34' title="bbox 506 4172 1461 4266; baseline 0.014 -30"><span class='ocrx_word' id='word_1_250' title='bbox 506 4194 617 4237; x_wconf 85' lang='lat' dir='ltr'><strong>versus</strong></span> <span class='ocrx_word' id='word_1_251' title='bbox 626 4193 698 4236; x_wconf 91' lang='lat' dir='ltr'><strong>eum</strong></span> <span class='ocrx_word' id='word_1_252' title='bbox 710 4172 884 4259; x_wconf 89' lang='lat' dir='ltr'><strong>longissimi</strong></span> <span class='ocrx_word' id='word_1_253' title='bbox 898 4177 1047 4264; x_wconf 87' lang='lat' dir='ltr'><strong>temporis</strong></span> <span class='ocrx_word' id='word_1_254' title='bbox 1057 4180 1296 4266; x_wconf 77' lang='lat' dir='ltr'><strong>praescriptione</strong></span> <span class='ocrx_word' id='word_1_255' title='bbox 1307 4181 1461 4250; x_wconf 84' lang='lat' dir='ltr'><strong>innixam.</strong></span> 
     </span>
    </p>
   </div>
   <div class='ocr_carea' id='block_1_5' title="bbox 0 0 1856 5475">
    <p class='ocr_par' dir='ltr' id='par_1_5' title="bbox 0 0 1856 5475">
     <span class='ocr_line' id='line_1_35' title="bbox 0 0 1856 5475; baseline 0 0"><span class='ocrx_word' id='word_1_256' title='bbox 0 0 1856 5475; x_wconf 95' lang='lat' dir='ltr'><strong> </strong></span> 
     </span>
    </p>
   </div>
  </div>
 </body>
</html>
