3667 5475
549 787 612 847 228
808 801 946 847 soarrrus
960 802 1240 848 sanasnnarensrs
1412 788 1457 863 [r.
1473 787 1501 847 ri.

551 952 698 1016 hoeresim
725 952 907 1016 damnatam
932 953 1092 1031 inciderit,
1112 953 1295 1039 praestando
1322 955 1502 1039 imperatori

552 1054 742 1135 sacrilegum
757 1065 1003 1132 sacramentum,
1015 1067 1047 1120 et
1061 1056 1310 1121 communicavit
1321 1057 1505 1121 Coloniensi

554 1155 767 1233 schismatico,
782 1169 814 1220 et
835 1170 947 1221 contra
962 1158 1147 1222 mandatum
1163 1158 1285 1222 domini
1309 1180 1404 1243 papae
1419 1167 1505 1222 usur-

552 1256 640 1338 pavit
651 1255 841 1320 decanatum
854 1257 1104 1322 saresberiensis
1117 1260 1274 1323 ecclesiae.
1313 1261 1386 1322 Has
1402 1270 1506 1323 autern

552 1377 665 1420 causas
692 1359 839 1440 allegavit
863 1360 897 1421 in
927 1361 1050 1442 pulpito
1075 1360 1109 1421 in
1136 1360 1247 1422 auditu
1273 1359 1430 1435 omnium,
1451 1360 1505 1442 qui

552 1458 709 1523 Vizeliaci
724 1460 764 1524 de
780 1460 913 1524 dirersis
936 1462 1119 1525 nationibus
1134 1461 1176 1524 ad
1197 1461 1282 1524 diem
1296 1462 1414 1524 festum
1430 1482 1505 1524 con·

552 1570 710 1624 venerant.
757 1559 884 1625 Ibidem
917 1564 1012 1626 etiam
1042 1564 1186 1644 allegatis
1216 1562 1312 1625 variis
1336 1560 1449 1624 ¹causis
1476 1572 1522 1624 et

547 1658 646 1743 justis
661 1663 952 1726 excommunicavit
966 1662 1137 1726 Ricardum
1153 1662 1390 1726 Pictaviensem
1407 1661 1506 1726 archi·

553 1761 733 1841 diaconum,
748 1762 924 1826 Ricardum
949 1764 989 1827 de
1016 1764 1109 1841 Luci,
1121 1764 1303 1827 Jocelinum
1321 1762 1361 1825 de
1378 1762 1506 1838 Baillol,

551 1862 749 1927 Randulsum
774 1864 814 1928 de
834 1866 930 1943 Broc,
946 1866 1121 1946 Hugonem
1145 1865 1185 1927 de
1211 1866 1331 1928 Sancto
1352 1864 1461 1941 Claro,
1475 1873 1506 1926 et

551 1964 709 2028 Thomam
725 1966 826 2029 filium
843 1966 1011 2039 Bemardi,
1027 1977 1060 2029 et
1075 1987 1187 2029 omnes
1208 1966 1264 2048 qui
1279 1964 1320 2028 de
1337 1975 1455 2029 caetero
1470 1965 1503 2027 in

550 2068 768 2148 possessiones
790 2079 822 2131 et
842 2071 930 2132 bona
956 2068 1194 2132 Cantuariensis
1220 2068 1368 2132 ecclcsiae
1393 2088 1504 2131 manus

550 2168 762 2243 extenderint,
779 2181 814 2233 ut
829 2170 876 2232 eis
892 2172 1073 2247 abutantur,
1089 2184 1144 2234 aut
1166 2191 1276 2233 eorum
1300 2190 1380 2232 usus
1404 2170 1504 2252 impe-

551 2267 649 2346 diant,
666 2290 799 2353 quorum
813 2271 1059 2334 necessitatibus
1081 2272 1232 2353 deputata
1253 2282 1336 2333 sunt.
1383 2271 1504 2351 Regem

551 2391 636 2448 vero,
659 2392 755 2455 quem
781 2383 854 2435 aute
875 2393 937 2456 per
960 2372 1081 2436 litteras
1105 2387 1137 2436 ct
1164 2372 1299 2435 nuncios
1325 2370 1504 2434 secundum

551 2473 730 2553 regulamet
739 2471 1235 2537 moremecclesiaevocaveratad
1244 2472 1504 2548 satisfactionem,

551 2575 715 2657 publicata
729 2575 897 2638 vocatione
912 2574 953 2637 ad
968 2574 1109 2638 fructum
1128 2575 1327 2658 poenitentiae
1349 2573 1504 2647 invitavit,

552 2678 751 2758 comminans
777 2697 811 2740 se
833 2676 867 2738 in
890 2697 961 2738 eum
990 2677 1127 2740 laturum
1154 2676 1346 2740 sententiam
1373 2675 1504 2740 anathe-

552 2781 646 2851 matis
661 2781 694 2842 in
719 2779 818 2851 brevi,
835 2779 897 2840 nisi
922 2778 1100 2860 resipuerit,
1116 2790 1147 2840 et
1171 2777 1210 2840 de
1235 2779 1333 2841 tantis
1356 2777 1507 2841 adversus

552 2882 720 2946 ecclesiam
746 2883 832 2944 ausis
858 2880 1064 2943 satisfecerit:
1100 2879 1188 2962 quod
1214 2889 1319 2942 tamen
1346 2900 1412 2942 non
1441 2872 1506 2941 nisi

551 2984 670 3045 invitus
687 2983 792 3055 faciet,
808 3003 868 3045 neo
894 2981 970 3043 novi
994 2981 1131 3064 aliquem
1156 2980 1406 3057 domesticorum
1431 3001 1502 3043 suo-

550 3107 630 3162 rum,
646 3085 700 3166 qui
717 3083 757 3146 ad
772 3085 924 3146 lationem
939 3082 1035 3166 hujus
1050 3083 1218 3144 sententiae
1235 3103 1354 3164 pronus
1370 3083 1422 3146 sit.
1572 3165 1575 3170 Ι

584 3174 750 3247 'Praeterea
773 3185 925 3264 scriptum
948 3183 1038 3260 illud,
1054 3184 1087 3245 in
1114 3205 1177 3266 quo
1202 3185 1408 3251 continentur
1431 3206 1503 3267 pra·

551 3288 664 3347 vitatos
680 3285 922 3364 malignantium
938 3285 1088 3347 adversus
1104 3286 1284 3364 ecclesiam,
1301 3307 1381 3368 quas
1404 3285 1521 3356 avitas*

553 3383 810 3450 Consuetudines
833 3382 956 3462 dicunt,
980 3378 1109 3467 publice
1133 3385 1367 3458 condemnavit,
1392 3407 1505 3448 omnes

550 3486 709 3551 innodans
729 3487 940 3550 anathematis
955 3487 1093 3562 vinculo,
1110 3487 1301 3569 quicumque
1324 3486 1364 3549 de
1389 3499 1504 3550 caetero

550 3591 738 3655 auctoritate
766 3589 854 3651 illius
883 3589 991 3670 scripti
1018 3599 1155 3665 utentur,
1182 3600 1214 3650 et
1242 3588 1431 3651 nominatim
1462 3589 1502 3651 de

550 3694 685 3759 consilio
712 3693 856 3756 eeclesiae
888 3693 1055 3764 Romanae,
1082 3691 1152 3751 haec
1180 3689 1322 3772 capitula
1348 3689 1504 3770 imprimis

550 3797 698 3860 damnata
725 3805 816 3856 sunt:
854 3795 953 3864 Quor)
979 3812 1044 3852 non
1068 3791 1165 3853 liceat
1190 3791 1344 3873 episcopo
1373 3810 1504 3852 excom-

548 3897 711 3960 municare
734 3896 884 3977 aliquem,
906 3893 963 3976 qui
988 3892 1027 3954 de
1051 3913 1124 3973 rege
1150 3902 1266 3968 teneat,
1282 3893 1351 3954 sine
1372 3891 1505 3954 licentia

547 3999 666 4077 ipsius:
703 3997 803 4066 Quor>
817 4017 882 4057 non
896 3997 992 4057 liceat
1015 3994 1171 4076 episcopo
1194 4014 1341 4056 coercere
1363 3993 1503 4076 aliquem

541 4098 811 4178 ¹parochianorum
834 4118 962 4160 suorum
991 4118 1048 4179 pro
1075 4098 1216 4181 perjurio
1239 4097 1289 4158 vel
1315 4095 1380 4157 fide
1406 4097 1502 4159 laesa:

546 4200 644 4272 Quon
667 4196 707 4259 ad
730 4198 885 4260 secularia
904 4199 1029 4281 judicia
1056 4199 1220 4261 trahantur
1241 4199 1366 4260 clerici:
1405 4196 1504 4268 Qnon

545 4300 641 4373 laici,
663 4300 729 4361 aive
755 4319 812 4360 rex
843 4299 909 4360 sive
941 4300 1033 4377 alins,
1061 4321 1177 4362 causas
1207 4300 1247 4362 de
1277 4298 1423 4362 ecclesiis
1454 4300 1504 4360 rel

546 4402 678 4466 decimis
706 4409 859 4463 tractent:
899 4401 997 4472 Qnon
1028 4423 1092 4463 non
1117 4401 1295 4483 appelletur
1322 4420 1382 4482 pro
1404 4406 1505 4462 causa
