<?xml version="1.0" encoding="UTF-8"?>
<!DOCTYPE html PUBLIC "-//W3C//DTD XHTML 1.0 Transitional//EN"
    "http://www.w3.org/TR/xhtml1/DTD/xhtml1-transitional.dtd">
<html xmlns="http://www.w3.org/1999/xhtml" xml:lang="en" lang="en">
 <head>
  <title>
</title>
<meta http-equiv="Content-Type" content="text/html;charset=utf-8" />
  <meta name='ocr-system' content='tesseract 3.04.00' />
  <meta name='ocr-capabilities' content='ocr_page ocr_carea ocr_par ocr_line ocrx_word'/>
</head>
<body>
  <div class='ocr_page' id='page_1' title='image "./operaomnianuncp03johngoog_0238.png"; bbox 0 0 3667 5475; ppageno 0'>
   <div class='ocr_carea' id='block_1_1' title="bbox 512 772 1465 851">
    <p class='ocr_par' dir='ltr' id='par_1_1' title="bbox 512 772 1465 851">
     <span class='ocr_line' id='line_1_1' title="bbox 512 772 1465 851; baseline -0.002 -15"><span class='ocrx_word' id='word_1_1' title='bbox 512 776 576 836; x_wconf 76' lang='lat' dir='ltr'><strong>als</strong></span> <span class='ocrx_word' id='word_1_2' title='bbox 770 787 905 834; x_wconf 70' lang='lat' dir='ltr'><strong>ioannis</strong></span> <span class='ocrx_word' id='word_1_3' title='bbox 920 785 1198 833; x_wconf 78' lang='lat' dir='ltr'><strong>sanssnnmsusrs</strong></span> <span class='ocrx_word' id='word_1_4' title='bbox 1371 772 1418 851; x_wconf 78' lang='lat' dir='ltr'><strong>[a.</strong></span> <span class='ocrx_word' id='word_1_5' title='bbox 1435 792 1465 836; x_wconf 87' lang='lat' dir='ltr'><strong>n.</strong></span> 
     </span>
    </p>
   </div>
   <div class='ocr_carea' id='block_1_2' title="bbox 508 938 1466 1727">
    <p class='ocr_par' dir='ltr' id='par_1_2' title="bbox 508 938 1466 1727">
     <span class='ocr_line' id='line_1_2' title="bbox 513 938 1466 1026; baseline 0.003 -22"><span class='ocrx_word' id='word_1_6' title='bbox 513 940 754 1005; x_wconf 87' lang='lat' dir='ltr'><strong>absconditum:</strong></span> <span class='ocrx_word' id='word_1_7' title='bbox 778 938 915 1003; x_wconf 90' lang='lat' dir='ltr'><strong>undeet</strong></span> <span class='ocrx_word' id='word_1_8' title='bbox 938 960 1048 1003; x_wconf 86' lang='lat' dir='ltr'><strong>rnensa</strong></span> <span class='ocrx_word' id='word_1_9' title='bbox 1072 938 1157 1002; x_wconf 89' lang='lat' dir='ltr'><strong>Solis</strong></span> <span class='ocrx_word' id='word_1_10' title='bbox 1179 939 1267 1005; x_wconf 83' lang='lat' dir='ltr'><strong>dicta</strong></span> <span class='ocrx_word' id='word_1_11' title='bbox 1286 950 1346 1015; x_wconf 86' lang='lat' dir='ltr'><strong>est,</strong></span> <span class='ocrx_word' id='word_1_12' title='bbox 1367 963 1466 1026; x_wconf 89' lang='lat' dir='ltr'><strong>quam</strong></span> 
     </span>
     <span class='ocr_line' id='line_1_3' title="bbox 512 1037 1464 1125; baseline 0.004 -23"><span class='ocrx_word' id='word_1_13' title='bbox 512 1042 703 1125; x_wconf 81' lang='lat' dir='ltr'><strong>Apollonius</strong></span> <span class='ocrx_word' id='word_1_14' title='bbox 721 1042 755 1103; x_wconf 93' lang='lat' dir='ltr'><strong>in</strong></span> <span class='ocrx_word' id='word_1_15' title='bbox 777 1042 890 1104; x_wconf 89' lang='lat' dir='ltr'><strong>sabulo</strong></span> <span class='ocrx_word' id='word_1_16' title='bbox 907 1040 1082 1123; x_wconf 87' lang='lat' dir='ltr'><strong>jacentem,</strong></span> <span class='ocrx_word' id='word_1_17' title='bbox 1105 1037 1184 1102; x_wconf 91' lang='lat' dir='ltr'><strong>dum</strong></span> <span class='ocrx_word' id='word_1_18' title='bbox 1209 1040 1332 1105; x_wconf 78' lang='lat' dir='ltr'>litteras</span> <span class='ocrx_word' id='word_1_19' title='bbox 1357 1064 1464 1125; x_wconf 89' lang='lat' dir='ltr'><strong>perse-</strong></span> 
     </span>
     <span class='ocr_line' id='line_1_4' title="bbox 512 1138 1464 1227; baseline 0.004 -24"><span class='ocrx_word' id='word_1_20' title='bbox 512 1151 668 1225; x_wconf 82' lang='lat' dir='ltr'><strong>queretur,</strong></span> <span class='ocrx_word' id='word_1_21' title='bbox 689 1141 842 1223; x_wconf 82' lang='lat' dir='ltr'><strong>inspexit.</strong></span> <span class='ocrx_word' id='word_1_22' title='bbox 886 1141 1025 1203; x_wconf 81' lang='lat' dir='ltr'><strong>Restant</strong></span> <span class='ocrx_word' id='word_1_23' title='bbox 1047 1138 1153 1203; x_wconf 89' lang='lat' dir='ltr'><strong>adhuc</strong></span> <span class='ocrx_word' id='word_1_24' title='bbox 1170 1139 1242 1204; x_wconf 83' lang='lat' dir='ltr'><strong>‹luae</strong></span> <span class='ocrx_word' id='word_1_25' title='bbox 1258 1141 1300 1205; x_wconf 91' lang='lat' dir='ltr'><strong>de</strong></span> <span class='ocrx_word' id='word_1_26' title='bbox 1321 1143 1464 1227; x_wconf 89' lang='lat' dir='ltr'><strong>quinque</strong></span> 
     </span>
     <span class='ocr_line' id='line_1_5' title="bbox 509 1239 1464 1324; baseline 0.003 -22"><span class='ocrx_word' id='word_1_27' title='bbox 509 1242 681 1323; x_wconf 88' lang='lat' dir='ltr'><strong>propositis</strong></span> <span class='ocrx_word' id='word_1_28' title='bbox 717 1240 948 1324; x_wconf 69' lang='lat' dir='ltr'><strong>questionibus</strong></span> <span class='ocrx_word' id='word_1_29' title='bbox 983 1239 1208 1303; x_wconf 72' lang='lat' dir='ltr'><strong>absolvendas:</strong></span> <span class='ocrx_word' id='word_1_30' title='bbox 1248 1240 1306 1304; x_wconf 91' lang='lat' dir='ltr'><strong>sed</strong></span> <span class='ocrx_word' id='word_1_31' title='bbox 1336 1252 1464 1324; x_wconf 91' lang='lat' dir='ltr'><strong>tempus</strong></span> 
     </span>
     <span class='ocr_line' id='line_1_6' title="bbox 509 1340 1462 1424; baseline -0.001 -20"><span class='ocrx_word' id='word_1_32' title='bbox 509 1341 728 1424; x_wconf 89' lang='lat' dir='ltr'><strong>respondendi</strong></span> <span class='ocrx_word' id='word_1_33' title='bbox 751 1341 853 1417; x_wconf 87' lang='lat' dir='ltr'><strong>deest,</strong></span> <span class='ocrx_word' id='word_1_34' title='bbox 875 1350 908 1403; x_wconf 91' lang='lat' dir='ltr'><strong>et</strong></span> <span class='ocrx_word' id='word_1_35' title='bbox 934 1341 1047 1403; x_wconf 90' lang='lat' dir='ltr'><strong>otium:</strong></span> <span class='ocrx_word' id='word_1_36' title='bbox 1077 1362 1157 1424; x_wconf 88' lang='lat' dir='ltr'><strong>quas</strong></span> <span class='ocrx_word' id='word_1_37' title='bbox 1181 1340 1311 1424; x_wconf 90' lang='lat' dir='ltr'><strong>quidem</strong></span> <span class='ocrx_word' id='word_1_38' title='bbox 1337 1343 1366 1404; x_wconf 94' lang='lat' dir='ltr'><strong>si</strong></span> <span class='ocrx_word' id='word_1_39' title='bbox 1392 1342 1462 1424; x_wconf 77' lang='lat' dir='ltr'><strong>dig-</strong></span> 
     </span>
     <span class='ocr_line' id='line_1_7' title="bbox 509 1442 1461 1528; baseline 0.002 -23"><span class='ocrx_word' id='word_1_40' title='bbox 509 1444 629 1506; x_wconf 89' lang='lat' dir='ltr'><strong>nationi</strong></span> <span class='ocrx_word' id='word_1_41' title='bbox 645 1455 755 1507; x_wconf 85' lang='lat' dir='ltr'><strong>vestroe</strong></span> <span class='ocrx_word' id='word_1_42' title='bbox 770 1443 871 1505; x_wconf 90' lang='lat' dir='ltr'><strong>visum</strong></span> <span class='ocrx_word' id='word_1_43' title='bbox 889 1442 984 1504; x_wconf 84' lang='lat' dir='ltr'><strong>fuerit</strong></span> <span class='ocrx_word' id='word_1_44' title='bbox 1004 1442 1119 1504; x_wconf 89' lang='lat' dir='ltr'><strong>lubens</strong></span> <span class='ocrx_word' id='word_1_45' title='bbox 1138 1442 1306 1524; x_wconf 85' lang='lat' dir='ltr'><strong>aggrediar</strong></span> <span class='ocrx_word' id='word_1_46' title='bbox 1320 1444 1461 1528; x_wconf 87' lang='lat' dir='ltr'><strong>meisque</strong></span> 
     </span>
     <span class='ocr_line' id='line_1_8' title="bbox 508 1542 1461 1618; baseline 0.001 -12"><span class='ocrx_word' id='word_1_47' title='bbox 508 1545 745 1606; x_wconf 86' lang='lat' dir='ltr'><strong>connumerabo</strong></span> <span class='ocrx_word' id='word_1_48' title='bbox 782 1544 994 1618; x_wconf 81' lang='lat' dir='ltr'><strong>successibus,</strong></span> <span class='ocrx_word' id='word_1_49' title='bbox 1025 1542 1051 1603; x_wconf 88' lang='lat' dir='ltr'><strong>si</strong></span> <span class='ocrx_word' id='word_1_50' title='bbox 1081 1542 1160 1604; x_wconf 92' lang='lat' dir='ltr'><strong>mihi</strong></span> <span class='ocrx_word' id='word_1_51' title='bbox 1191 1543 1319 1605; x_wconf 87' lang='lat' dir='ltr'><strong>coelitus</strong></span> <span class='ocrx_word' id='word_1_52' title='bbox 1351 1542 1461 1613; x_wconf 87' lang='lat' dir='ltr'><strong>datum</strong></span> 
     </span>
     <span class='ocr_line' id='line_1_9' title="bbox 509 1642 1454 1727; baseline 0.002 -22"><span class='ocrx_word' id='word_1_53' title='bbox 509 1644 604 1708; x_wconf 88' lang='lat' dir='ltr'><strong>suerit</strong></span> <span class='ocrx_word' id='word_1_54' title='bbox 618 1644 730 1708; x_wconf 89' lang='lat' dir='ltr'><strong>honori</strong></span> <span class='ocrx_word' id='word_1_55' title='bbox 746 1653 778 1706; x_wconf 89' lang='lat' dir='ltr'><strong>et</strong></span> <span class='ocrx_word' id='word_1_56' title='bbox 793 1643 950 1705; x_wconf 86' lang='lat' dir='ltr'><strong>voluntati</strong></span> <span class='ocrx_word' id='word_1_57' title='bbox 964 1653 1075 1705; x_wconf 85' lang='lat' dir='ltr'><strong>vestrae</strong></span> <span class='ocrx_word' id='word_1_58' title='bbox 1090 1642 1124 1704; x_wconf 92' lang='lat' dir='ltr'><strong>in</strong></span> <span class='ocrx_word' id='word_1_59' title='bbox 1139 1642 1247 1725; x_wconf 92' lang='lat' dir='ltr'><strong>aliquo</strong></span> <span class='ocrx_word' id='word_1_60' title='bbox 1261 1643 1426 1711; x_wconf 84' lang='lat' dir='ltr'><strong>inservire.</strong></span> <span class='ocrx_word' id='word_1_61' title='bbox 1452 1720 1454 1727; x_wconf 26' lang='grc' dir='ltr'>Ι</span> 
     </span>
    </p>
   </div>
   <div class='ocr_carea' id='block_1_3' title="bbox 610 1810 1301 1968">
    <p class='ocr_par' dir='ltr' id='par_1_3' title="bbox 610 1810 1301 1968">
     <span class='ocr_line' id='line_1_10' title="bbox 610 1810 1301 1879; baseline -0.004 -14"><span class='ocrx_word' id='word_1_62' title='bbox 610 1813 736 1865; x_wconf 81' lang='lat' dir='ltr'><strong>Rusticus</strong></span> <span class='ocrx_word' id='word_1_63' title='bbox 748 1812 910 1879; x_wconf 74' lang='lat' dir='ltr'><strong>Agricolam,</strong></span> <span class='ocrx_word' id='word_1_64' title='bbox 922 1811 998 1864; x_wconf 87' lang='lat' dir='ltr'><strong>miles</strong></span> <span class='ocrx_word' id='word_1_65' title='bbox 1009 1810 1066 1863; x_wconf 86' lang='lat' dir='ltr'><strong>fera</strong></span> <span class='ocrx_word' id='word_1_66' title='bbox 1077 1810 1147 1863; x_wconf 84' lang='lat' dir='ltr'><strong>bella</strong></span> <span class='ocrx_word' id='word_1_67' title='bbox 1158 1816 1301 1878; x_wconf 82' lang='lat' dir='ltr'><strong>gerentem,</strong></span> 
     </span>
     <span class='ocr_line' id='line_1_11' title="bbox 680 1897 1212 1968; baseline -0.004 -19"><span class='ocrx_word' id='word_1_68' title='bbox 680 1898 819 1950; x_wconf 81' lang='lat' dir='ltr'><strong>Rectorem</strong></span> <span class='ocrx_word' id='word_1_69' title='bbox 833 1897 918 1949; x_wconf 82' lang='lat' dir='ltr'><strong>dubiae</strong></span> <span class='ocrx_word' id='word_1_70' title='bbox 929 1898 1017 1949; x_wconf 85' lang='lat' dir='ltr'><strong>navita</strong></span> <span class='ocrx_word' id='word_1_71' title='bbox 1028 1897 1121 1968; x_wconf 88' lang='lat' dir='ltr'><strong>puppis</strong></span> <span class='ocrx_word' id='word_1_72' title='bbox 1133 1902 1212 1949; x_wconf 85' lang='lat' dir='ltr'><strong>amat.</strong></span> 
     </span>
    </p>
   </div>
   <div class='ocr_carea' id='block_1_4' title="bbox 485 2048 1459 4451">
    <p class='ocr_par' dir='ltr' id='par_1_4' title="bbox 485 2048 1459 4451">
     <span class='ocr_line' id='line_1_12' title="bbox 503 2048 1459 2142; baseline 0.001 -21"><span class='ocrx_word' id='word_1_73' title='bbox 503 2060 548 2121; x_wconf 84' lang='lat' dir='ltr'><strong>Et</strong></span> <span class='ocrx_word' id='word_1_74' title='bbox 573 2059 748 2142; x_wconf 90' lang='lat' dir='ltr'><strong>principem</strong></span> <span class='ocrx_word' id='word_1_75' title='bbox 773 2056 986 2140; x_wconf 74' lang='lat' dir='ltr'><strong>philosophiae</strong></span> <span class='ocrx_word' id='word_1_76' title='bbox 1014 2057 1179 2135; x_wconf 90' lang='lat' dir='ltr'><strong>cultorem,</strong></span> <span class='ocrx_word' id='word_1_77' title='bbox 1203 2066 1235 2119; x_wconf 89' lang='lat' dir='ltr'><strong>et</strong></span> <span class='ocrx_word' id='word_1_78' title='bbox 1259 2056 1312 2139; x_wconf 93' lang='lat' dir='ltr'><strong>qui</strong></span> <span class='ocrx_word' id='word_1_79' title='bbox 1339 2048 1459 2122; x_wconf 83' lang='lat' dir='ltr'><strong>littera·</strong></span> 
     </span>
     <span class='ocr_line' id='line_1_13' title="bbox 503 2156 1457 2240; baseline 0.002 -19"><span class='ocrx_word' id='word_1_80' title='bbox 503 2170 607 2222; x_wconf 88' lang='lat' dir='ltr'><strong>torum</strong></span> <span class='ocrx_word' id='word_1_81' title='bbox 621 2160 758 2221; x_wconf 88' lang='lat' dir='ltr'><strong>honesta</strong></span> <span class='ocrx_word' id='word_1_82' title='bbox 772 2156 878 2219; x_wconf 85' lang='lat' dir='ltr'><strong>studia</strong></span> <span class='ocrx_word' id='word_1_83' title='bbox 897 2158 1110 2240; x_wconf 81' lang='lat' dir='ltr'><strong>amplectitur,</strong></span> <span class='ocrx_word' id='word_1_84' title='bbox 1124 2169 1157 2220; x_wconf 91' lang='lat' dir='ltr'><strong>et</strong></span> <span class='ocrx_word' id='word_1_85' title='bbox 1171 2159 1266 2231; x_wconf 81' lang='lat' dir='ltr'><strong>fovet,</strong></span> <span class='ocrx_word' id='word_1_86' title='bbox 1281 2158 1457 2223; x_wconf 89' lang='lat' dir='ltr'><strong>litterarum</strong></span> 
     </span>
     <span class='ocr_line' id='line_1_14' title="bbox 502 2255 1457 2342; baseline 0 -20"><span class='ocrx_word' id='word_1_87' title='bbox 502 2279 705 2342; x_wconf 90' lang='lat' dir='ltr'><strong>possessores</strong></span> <span class='ocrx_word' id='word_1_88' title='bbox 725 2279 791 2321; x_wconf 93' lang='lat' dir='ltr'><strong>non</strong></span> <span class='ocrx_word' id='word_1_89' title='bbox 813 2255 988 2320; x_wconf 86' lang='lat' dir='ltr'><strong>amabunt?</strong></span> <span class='ocrx_word' id='word_1_90' title='bbox 1027 2260 1099 2321; x_wconf 89' lang='lat' dir='ltr'><strong>Nec</strong></span> <span class='ocrx_word' id='word_1_91' title='bbox 1119 2257 1246 2320; x_wconf 89' lang='lat' dir='ltr'><strong>inficior</strong></span> <span class='ocrx_word' id='word_1_92' title='bbox 1267 2258 1347 2340; x_wconf 91' lang='lat' dir='ltr'><strong>quin</strong></span> <span class='ocrx_word' id='word_1_93' title='bbox 1368 2260 1457 2341; x_wconf 82' lang='lat' dir='ltr'><strong>prin-</strong></span> 
     </span>
     <span class='ocr_line' id='line_1_15' title="bbox 503 2357 1456 2441; baseline 0.002 -20"><span class='ocrx_word' id='word_1_94' title='bbox 503 2379 581 2441; x_wconf 90' lang='lat' dir='ltr'><strong>ceps</strong></span> <span class='ocrx_word' id='word_1_95' title='bbox 603 2359 767 2422; x_wconf 86' lang='lat' dir='ltr'><strong>illiteratus</strong></span> <span class='ocrx_word' id='word_1_96' title='bbox 789 2357 946 2422; x_wconf 86' lang='lat' dir='ltr'><strong>interdum</strong></span> <span class='ocrx_word' id='word_1_97' title='bbox 968 2357 1153 2441; x_wconf 72' lang='lat' dir='ltr'><strong>reipublicae</strong></span> <span class='ocrx_word' id='word_1_98' title='bbox 1175 2358 1363 2421; x_wconf 90' lang='lat' dir='ltr'><strong>commodus</strong></span> <span class='ocrx_word' id='word_1_99' title='bbox 1385 2381 1456 2424; x_wconf 88' lang='lat' dir='ltr'><strong>esse</strong></span> 
     </span>
     <span class='ocr_line' id='line_1_16' title="bbox 501 2458 1455 2543; baseline 0.002 -22"><span class='ocrx_word' id='word_1_100' title='bbox 501 2458 613 2542; x_wconf 90' lang='lat' dir='ltr'><strong>possit,</strong></span> <span class='ocrx_word' id='word_1_101' title='bbox 624 2460 681 2522; x_wconf 89' lang='lat' dir='ltr'><strong>sed</strong></span> <span class='ocrx_word' id='word_1_102' title='bbox 696 2459 737 2523; x_wconf 91' lang='lat' dir='ltr'><strong>ad</strong></span> <span class='ocrx_word' id='word_1_103' title='bbox 752 2459 939 2543; x_wconf 86' lang='lat' dir='ltr'><strong>parilitatem</strong></span> <span class='ocrx_word' id='word_1_104' title='bbox 951 2459 1161 2522; x_wconf 89' lang='lat' dir='ltr'><strong>litteratomm</strong></span> <span class='ocrx_word' id='word_1_105' title='bbox 1176 2458 1203 2521; x_wconf 91' lang='lat' dir='ltr'><strong>si</strong></span> <span class='ocrx_word' id='word_1_106' title='bbox 1217 2459 1275 2520; x_wconf 90' lang='lat' dir='ltr'><strong>rite</strong></span> <span class='ocrx_word' id='word_1_107' title='bbox 1290 2458 1455 2542; x_wconf 85' lang='lat' dir='ltr'><strong>procedat,</strong></span> 
     </span>
     <span class='ocr_line' id='line_1_17' title="bbox 500 2559 1454 2644; baseline 0.002 -22"><span class='ocrx_word' id='word_1_108' title='bbox 500 2569 632 2643; x_wconf 90' lang='lat' dir='ltr'><strong>uterque</strong></span> <span class='ocrx_word' id='word_1_109' title='bbox 648 2570 703 2625; x_wconf 91' lang='lat' dir='ltr'><strong>aut</strong></span> <span class='ocrx_word' id='word_1_110' title='bbox 717 2581 881 2644; x_wconf 89' lang='lat' dir='ltr'><strong>nunquam</strong></span> <span class='ocrx_word' id='word_1_111' title='bbox 897 2559 1106 2639; x_wconf 88' lang='lat' dir='ltr'><strong>conscendet,</strong></span> <span class='ocrx_word' id='word_1_112' title='bbox 1121 2571 1177 2624; x_wconf 88' lang='lat' dir='ltr'><strong>aut</strong></span> <span class='ocrx_word' id='word_1_113' title='bbox 1191 2580 1271 2623; x_wconf 90' lang='lat' dir='ltr'><strong>raro.</strong></span> <span class='ocrx_word' id='word_1_114' title='bbox 1317 2560 1403 2624; x_wconf 91' lang='lat' dir='ltr'><strong>Nam</strong></span> <span class='ocrx_word' id='word_1_115' title='bbox 1418 2572 1454 2625; x_wconf 88' lang='lat' dir='ltr'><strong>ut</strong></span> 
     </span>
     <span class='ocr_line' id='line_1_18' title="bbox 498 2661 1455 2744; baseline 0.002 -23"><span class='ocrx_word' id='word_1_116' title='bbox 498 2672 602 2725; x_wconf 87' lang='lat' dir='ltr'><strong>vester</strong></span> <span class='ocrx_word' id='word_1_117' title='bbox 625 2661 669 2723; x_wconf 91' lang='lat' dir='ltr'><strong>ait</strong></span> <span class='ocrx_word' id='word_1_118' title='bbox 693 2662 858 2744; x_wconf 87' lang='lat' dir='ltr'><strong>Vegetius,</strong></span> <span class='ocrx_word' id='word_1_119' title='bbox 888 2661 995 2722; x_wconf 89' lang='lat' dir='ltr'><strong>nullus</strong></span> <span class='ocrx_word' id='word_1_120' title='bbox 1025 2669 1074 2722; x_wconf 91' lang='lat' dir='ltr'><strong>est</strong></span> <span class='ocrx_word' id='word_1_121' title='bbox 1102 2681 1198 2743; x_wconf 89' lang='lat' dir='ltr'><strong>quem</strong></span> <span class='ocrx_word' id='word_1_122' title='bbox 1228 2669 1376 2743; x_wconf 85' lang='lat' dir='ltr'><strong>oporteat</strong></span> <span class='ocrx_word' id='word_1_123' title='bbox 1399 2671 1455 2724; x_wconf 89' lang='lat' dir='ltr'><strong>aut</strong></span> 
     </span>
     <span class='ocr_line' id='line_1_19' title="bbox 497 2761 1451 2846; baseline 0.001 -23"><span class='ocrx_word' id='word_1_124' title='bbox 497 2762 600 2845; x_wconf 90' lang='lat' dir='ltr'><strong>plura,</strong></span> <span class='ocrx_word' id='word_1_125' title='bbox 628 2774 683 2826; x_wconf 91' lang='lat' dir='ltr'><strong>aut</strong></span> <span class='ocrx_word' id='word_1_126' title='bbox 718 2763 848 2825; x_wconf 85' lang='lat' dir='ltr'><strong>meliora</strong></span> <span class='ocrx_word' id='word_1_127' title='bbox 881 2762 972 2838; x_wconf 89' lang='lat' dir='ltr'><strong>scire,</strong></span> <span class='ocrx_word' id='word_1_128' title='bbox 1009 2782 1105 2844; x_wconf 88' lang='lat' dir='ltr'><strong>quam</strong></span> <span class='ocrx_word' id='word_1_129' title='bbox 1143 2761 1330 2843; x_wconf 88' lang='lat' dir='ltr'><strong>principem,</strong></span> <span class='ocrx_word' id='word_1_130' title='bbox 1360 2761 1451 2846; x_wconf 86' lang='lat' dir='ltr'><strong>cujus</strong></span> 
     </span>
     <span class='ocr_line' id='line_1_20' title="bbox 497 2860 1448 2947; baseline 0 -22"><span class='ocrx_word' id='word_1_131' title='bbox 497 2863 631 2926; x_wconf 90' lang='lat' dir='ltr'><strong>scientia</strong></span> <span class='ocrx_word' id='word_1_132' title='bbox 659 2873 768 2947; x_wconf 91' lang='lat' dir='ltr'><strong>potest</strong></span> <span class='ocrx_word' id='word_1_133' title='bbox 797 2861 947 2924; x_wconf 92' lang='lat' dir='ltr'><strong>omnibus</strong></span> <span class='ocrx_word' id='word_1_134' title='bbox 977 2860 1128 2943; x_wconf 88' lang='lat' dir='ltr'><strong>prodesse</strong></span> <span class='ocrx_word' id='word_1_135' title='bbox 1159 2860 1322 2943; x_wconf 83' lang='lat' dir='ltr'><strong>subjectis.</strong></span> <span class='ocrx_word' id='word_1_136' title='bbox 1376 2863 1448 2925; x_wconf 89' lang='lat' dir='ltr'><strong>Nec</strong></span> 
     </span>
     <span class='ocr_line' id='line_1_21' title="bbox 496 2958 1450 3045; baseline 0 -21"><span class='ocrx_word' id='word_1_137' title='bbox 496 2964 625 3044; x_wconf 84' lang='lat' dir='ltr'><strong>ambigo</strong></span> <span class='ocrx_word' id='word_1_138' title='bbox 656 2984 750 3045; x_wconf 89' lang='lat' dir='ltr'><strong>super</strong></span> <span class='ocrx_word' id='word_1_139' title='bbox 778 2963 829 3023; x_wconf 90' lang='lat' dir='ltr'><strong>his</strong></span> <span class='ocrx_word' id='word_1_140' title='bbox 858 2982 931 3042; x_wconf 85' lang='lat' dir='ltr'><strong>quae</strong></span> <span class='ocrx_word' id='word_1_141' title='bbox 960 2958 1013 3023; x_wconf 92' lang='lat' dir='ltr'><strong>hic</strong></span> <span class='ocrx_word' id='word_1_142' title='bbox 1044 2961 1163 3042; x_wconf 88' lang='lat' dir='ltr'><strong>scripta</strong></span> <span class='ocrx_word' id='word_1_143' title='bbox 1192 2972 1277 3037; x_wconf 87' lang='lat' dir='ltr'><strong>sunt,</strong></span> <span class='ocrx_word' id='word_1_144' title='bbox 1306 2960 1450 3024; x_wconf 82' lang='lat' dir='ltr'><strong>diversos</strong></span> 
     </span>
     <span class='ocr_line' id='line_1_22' title="bbox 495 3058 1448 3144; baseline -0.001 -20"><span class='ocrx_word' id='word_1_145' title='bbox 495 3063 619 3126; x_wconf 83' lang='lat' dir='ltr'><strong>diversa</strong></span> <span class='ocrx_word' id='word_1_146' title='bbox 641 3083 803 3136; x_wconf 90' lang='lat' dir='ltr'><strong>censuros,</strong></span> <span class='ocrx_word' id='word_1_147' title='bbox 826 3058 882 3123; x_wconf 92' lang='lat' dir='ltr'><strong>sed</strong></span> <span class='ocrx_word' id='word_1_148' title='bbox 904 3071 1094 3144; x_wconf 86' lang='lat' dir='ltr'><strong>assequutus</strong></span> <span class='ocrx_word' id='word_1_149' title='bbox 1115 3082 1185 3122; x_wconf 89' lang='lat' dir='ltr'><strong>sum</strong></span> <span class='ocrx_word' id='word_1_150' title='bbox 1211 3060 1309 3122; x_wconf 90' lang='lat' dir='ltr'><strong>finem</strong></span> <span class='ocrx_word' id='word_1_151' title='bbox 1329 3082 1448 3138; x_wconf 88' lang='lat' dir='ltr'><strong>meum,</strong></span> 
     </span>
     <span class='ocr_line' id='line_1_23' title="bbox 495 3160 1446 3247; baseline -0.002 -21"><span class='ocrx_word' id='word_1_152' title='bbox 495 3169 521 3226; x_wconf 89' lang='lat' dir='ltr'><strong>si</strong></span> <span class='ocrx_word' id='word_1_153' title='bbox 537 3163 693 3247; x_wconf 88' lang='lat' dir='ltr'><strong>placuerit</strong></span> <span class='ocrx_word' id='word_1_154' title='bbox 707 3164 799 3225; x_wconf 87' lang='lat' dir='ltr'><strong>vobis</strong></span> <span class='ocrx_word' id='word_1_155' title='bbox 819 3163 965 3244; x_wconf 89' lang='lat' dir='ltr'><strong>epistola,</strong></span> <span class='ocrx_word' id='word_1_156' title='bbox 981 3182 1052 3244; x_wconf 89' lang='lat' dir='ltr'><strong>quae</strong></span> <span class='ocrx_word' id='word_1_157' title='bbox 1069 3162 1152 3223; x_wconf 89' lang='lat' dir='ltr'><strong>sicut</strong></span> <span class='ocrx_word' id='word_1_158' title='bbox 1167 3182 1232 3223; x_wconf 91' lang='lat' dir='ltr'><strong>nou</strong></span> <span class='ocrx_word' id='word_1_159' title='bbox 1248 3161 1347 3224; x_wconf 89' lang='lat' dir='ltr'><strong>habet</strong></span> <span class='ocrx_word' id='word_1_160' title='bbox 1360 3160 1446 3224; x_wconf 90' lang='lat' dir='ltr'><strong>unde</strong></span> 
     </span>
     <span class='ocr_line' id='line_1_24' title="bbox 493 3259 1447 3346; baseline 0 -22"><span class='ocrx_word' id='word_1_161' title='bbox 493 3265 619 3346; x_wconf 87' lang='lat' dir='ltr'><strong>placeat</strong></span> <span class='ocrx_word' id='word_1_162' title='bbox 638 3284 681 3324; x_wconf 89' lang='lat' dir='ltr'><strong>ex</strong></span> <span class='ocrx_word' id='word_1_163' title='bbox 702 3262 750 3325; x_wconf 92' lang='lat' dir='ltr'><strong>sui</strong></span> <span class='ocrx_word' id='word_1_164' title='bbox 766 3271 941 3338; x_wconf 88' lang='lat' dir='ltr'><strong>venustate,</strong></span> <span class='ocrx_word' id='word_1_165' title='bbox 956 3261 1002 3324; x_wconf 89' lang='lat' dir='ltr'><strong>sic</strong></span> <span class='ocrx_word' id='word_1_166' title='bbox 1025 3283 1064 3323; x_wconf 87' lang='lat' dir='ltr'><strong>cx</strong></span> <span class='ocrx_word' id='word_1_167' title='bbox 1088 3259 1257 3324; x_wconf 85' lang='lat' dir='ltr'><strong>devotione</strong></span> <span class='ocrx_word' id='word_1_168' title='bbox 1277 3261 1447 3324; x_wconf 86' lang='lat' dir='ltr'><strong>scribentis</strong></span> 
     </span>
     <span class='ocr_line' id='line_1_25' title="bbox 493 3361 1446 3444; baseline 0 -20"><span class='ocrx_word' id='word_1_169' title='bbox 493 3384 559 3425; x_wconf 92' lang='lat' dir='ltr'><strong>non</strong></span> <span class='ocrx_word' id='word_1_170' title='bbox 589 3363 686 3424; x_wconf 89' lang='lat' dir='ltr'><strong>habet</strong></span> <span class='ocrx_word' id='word_1_171' title='bbox 716 3361 803 3424; x_wconf 90' lang='lat' dir='ltr'><strong>unde</strong></span> <span class='ocrx_word' id='word_1_172' title='bbox 834 3362 949 3424; x_wconf 89' lang='lat' dir='ltr'><strong>debeat</strong></span> <span class='ocrx_word' id='word_1_173' title='bbox 979 3361 1161 3444; x_wconf 89' lang='lat' dir='ltr'><strong>displicere.</strong></span> <span class='ocrx_word' id='word_1_174' title='bbox 1216 3363 1287 3424; x_wconf 91' lang='lat' dir='ltr'><strong>Nec</strong></span> <span class='ocrx_word' id='word_1_175' title='bbox 1316 3361 1446 3424; x_wconf 92' lang='lat' dir='ltr'><strong>illorum</strong></span> 
     </span>
     <span class='ocr_line' id='line_1_26' title="bbox 493 3462 1443 3546; baseline -0.002 -20"><span class='ocrx_word' id='word_1_176' title='bbox 493 3462 629 3526; x_wconf 82' lang='lat' dir='ltr'><strong>formido</strong></span> <span class='ocrx_word' id='word_1_177' title='bbox 653 3462 823 3546; x_wconf 89' lang='lat' dir='ltr'><strong>judicium,</strong></span> <span class='ocrx_word' id='word_1_178' title='bbox 852 3463 907 3545; x_wconf 91' lang='lat' dir='ltr'><strong>qui</strong></span> <span class='ocrx_word' id='word_1_179' title='bbox 938 3471 1109 3545; x_wconf 86' lang='lat' dir='ltr'><strong>antequam</strong></span> <span class='ocrx_word' id='word_1_180' title='bbox 1140 3462 1316 3525; x_wconf 84' lang='lat' dir='ltr'><strong>exaudiant</strong></span> <span class='ocrx_word' id='word_1_181' title='bbox 1344 3470 1443 3524; x_wconf 89' lang='lat' dir='ltr'><strong>teme·</strong></span> 
     </span>
     <span class='ocr_line' id='line_1_27' title="bbox 491 3561 1444 3647; baseline -0.005 -18"><span class='ocrx_word' id='word_1_182' title='bbox 491 3566 603 3630; x_wconf 88' lang='lat' dir='ltr'><strong>rariam</strong></span> <span class='ocrx_word' id='word_1_183' title='bbox 620 3566 812 3629; x_wconf 88' lang='lat' dir='ltr'><strong>seutentiam</strong></span> <span class='ocrx_word' id='word_1_184' title='bbox 828 3567 942 3640; x_wconf 80' lang='lat' dir='ltr'><strong>ferum,</strong></span> <span class='ocrx_word' id='word_1_185' title='bbox 959 3585 997 3626; x_wconf 90' lang='lat' dir='ltr'><strong>eo</strong></span> <span class='ocrx_word' id='word_1_186' title='bbox 1017 3564 1102 3647; x_wconf 93' lang='lat' dir='ltr'><strong>quod</strong></span> <span class='ocrx_word' id='word_1_187' title='bbox 1120 3564 1252 3626; x_wconf 91' lang='lat' dir='ltr'><strong>memini</strong></span> <span class='ocrx_word' id='word_1_188' title='bbox 1268 3561 1444 3644; x_wconf 83' lang='lat' dir='ltr'><strong>Scripturae</strong></span> 
     </span>
     <span class='ocr_line' id='line_1_28' title="bbox 491 3664 1443 3750; baseline -0.006 -19"><span class='ocrx_word' id='word_1_189' title='bbox 491 3667 640 3746; x_wconf 86' lang='lat' dir='ltr'><strong>dicentis,</strong></span> <span class='ocrx_word' id='word_1_190' title='bbox 661 3668 726 3735; x_wconf 78' lang='lat' dir='ltr'><strong>Qut</strong></span> <span class='ocrx_word' id='word_1_191' title='bbox 744 3669 839 3750; x_wconf 69' lang='lat' dir='ltr'><strong>prius</strong></span> <span class='ocrx_word' id='word_1_192' title='bbox 858 3666 1027 3745; x_wconf 76' lang='lat' dir='ltr'><strong>respondet</strong></span> <span class='ocrx_word' id='word_1_193' title='bbox 1047 3686 1144 3747; x_wconf 81' lang='lat' dir='ltr'><strong>quom</strong></span> <span class='ocrx_word' id='word_1_194' title='bbox 1167 3664 1284 3725; x_wconf 82' lang='lat' dir='ltr'><strong>audiat</strong></span> <span class='ocrx_word' id='word_1_195' title='bbox 1304 3665 1443 3725; x_wconf 82' lang='lat' dir='ltr'><strong>stultam</strong></span> 
     </span>
     <span class='ocr_line' id='line_1_29' title="bbox 489 3764 1442 3846; baseline -0.007 -15"><span class='ocrx_word' id='word_1_196' title='bbox 489 3791 522 3831; x_wconf 81' lang='lat' dir='ltr'><strong>se</strong></span> <span class='ocrx_word' id='word_1_197' title='bbox 544 3791 609 3833; x_wconf 83' lang='lat' dir='ltr'><strong>esse</strong></span> <span class='ocrx_word' id='word_1_198' title='bbox 634 3771 845 3845; x_wconf 82' lang='lat' dir='ltr'><strong>demonstrat,</strong></span> <span class='ocrx_word' id='word_1_199' title='bbox 866 3776 897 3829; x_wconf 88' lang='lat' dir='ltr'><strong>et</strong></span> <span class='ocrx_word' id='word_1_200' title='bbox 921 3768 1107 3846; x_wconf 78' lang='lat' dir='ltr'><strong>coafitsioae</strong></span> <span class='ocrx_word' id='word_1_201' title='bbox 1131 3766 1276 3846; x_wconf 70' lang='lat' dir='ltr'><strong>dignum.</strong></span> <span class='ocrx_word' id='word_1_202' title='bbox 1322 3764 1442 3825; x_wconf 86' lang='lat' dir='ltr'><strong>Nonne</strong></span> 
     </span>
     <span class='ocr_line' id='line_1_30' title="bbox 490 3862 1442 3950; baseline -0.007 -17"><span class='ocrx_word' id='word_1_203' title='bbox 490 3882 523 3933; x_wconf 89' lang='lat' dir='ltr'><strong>et</strong></span> <span class='ocrx_word' id='word_1_204' title='bbox 537 3873 628 3934; x_wconf 88' lang='lat' dir='ltr'><strong>vobis</strong></span> <span class='ocrx_word' id='word_1_205' title='bbox 642 3884 753 3935; x_wconf 90' lang='lat' dir='ltr'><strong>notum</strong></span> <span class='ocrx_word' id='word_1_206' title='bbox 772 3881 820 3933; x_wconf 92' lang='lat' dir='ltr'><strong>est</strong></span> <span class='ocrx_word' id='word_1_207' title='bbox 841 3889 942 3950; x_wconf 86' lang='lat' dir='ltr'><strong>genus</strong></span> <span class='ocrx_word' id='word_1_208' title='bbox 961 3867 1137 3939; x_wconf 87' lang='lat' dir='ltr'><strong>hominum,</strong></span> <span class='ocrx_word' id='word_1_209' title='bbox 1159 3885 1239 3948; x_wconf 90' lang='lat' dir='ltr'><strong>quos</strong></span> <span class='ocrx_word' id='word_1_210' title='bbox 1261 3862 1442 3926; x_wconf 88' lang='lat' dir='ltr'><strong>Salomonis</strong></span> 
     </span>
     <span class='ocr_line' id='line_1_31' title="bbox 489 3963 1442 4052; baseline -0.005 -21"><span class='ocrx_word' id='word_1_211' title='bbox 489 3973 641 4052; x_wconf 87' lang='lat' dir='ltr'><strong>parabola</strong></span> <span class='ocrx_word' id='word_1_212' title='bbox 663 3972 775 4052; x_wconf 86' lang='lat' dir='ltr'><strong>tangit,</strong></span> <span class='ocrx_word' id='word_1_213' title='bbox 801 3990 945 4033; x_wconf 89' lang='lat' dir='ltr'><strong>asserens</strong></span> <span class='ocrx_word' id='word_1_214' title='bbox 972 3966 1058 4050; x_wconf 93' lang='lat' dir='ltr'><strong>quod</strong></span> <span class='ocrx_word' id='word_1_215' title='bbox 1081 3968 1196 4030; x_wconf 91' lang='lat' dir='ltr'><strong>stultus</strong></span> <span class='ocrx_word' id='word_1_216' title='bbox 1221 3986 1288 4027; x_wconf 91' lang='lat' dir='ltr'><strong>non</strong></span> <span class='ocrx_word' id='word_1_217' title='bbox 1310 3963 1442 4046; x_wconf 86' lang='lat' dir='ltr'><strong>respicit</strong></span> 
     </span>
     <span class='ocr_line' id='line_1_32' title="bbox 488 4063 1440 4150; baseline -0.006 -20"><span class='ocrx_word' id='word_1_218' title='bbox 488 4070 584 4130; x_wconf 83' lang='lat' dir='ltr'><strong>rerba</strong></span> <span class='ocrx_word' id='word_1_219' title='bbox 609 4070 786 4150; x_wconf 87' lang='lat' dir='ltr'><strong>prudentis,</strong></span> <span class='ocrx_word' id='word_1_220' title='bbox 811 4069 872 4130; x_wconf 90' lang='lat' dir='ltr'><strong>nisi</strong></span> <span class='ocrx_word' id='word_1_221' title='bbox 900 4090 939 4131; x_wconf 88' lang='lat' dir='ltr'><strong>ea</strong></span> <span class='ocrx_word' id='word_1_222' title='bbox 968 4067 1088 4129; x_wconf 90' lang='lat' dir='ltr'><strong>dixeris</strong></span> <span class='ocrx_word' id='word_1_223' title='bbox 1118 4088 1189 4150; x_wconf 86' lang='lat' dir='ltr'><strong>quae</strong></span> <span class='ocrx_word' id='word_1_224' title='bbox 1216 4074 1381 4127; x_wconf 84' lang='lat' dir='ltr'><strong>versantur</strong></span> <span class='ocrx_word' id='word_1_225' title='bbox 1406 4063 1440 4124; x_wconf 92' lang='lat' dir='ltr'><strong>in</strong></span> 
     </span>
     <span class='ocr_line' id='line_1_33' title="bbox 488 4166 1441 4250; baseline -0.005 -19"><span class='ocrx_word' id='word_1_226' title='bbox 488 4167 584 4231; x_wconf 87' lang='lat' dir='ltr'><strong>corde</strong></span> <span class='ocrx_word' id='word_1_227' title='bbox 611 4169 703 4249; x_wconf 81' lang='lat' dir='ltr'><strong>ejus?</strong></span> <span class='ocrx_word' id='word_1_228' title='bbox 741 4170 834 4232; x_wconf 85' lang='lat' dir='ltr'><strong>Tunc</strong></span> <span class='ocrx_word' id='word_1_229' title='bbox 862 4170 989 4231; x_wconf 91' lang='lat' dir='ltr'><strong>demum</strong></span> <span class='ocrx_word' id='word_1_230' title='bbox 1017 4169 1145 4230; x_wconf 86' lang='lat' dir='ltr'><strong>credam</strong></span> <span class='ocrx_word' id='word_1_231' title='bbox 1168 4166 1335 4250; x_wconf 80' lang='lat' dir='ltr'><strong>parvitatis</strong></span> <span class='ocrx_word' id='word_1_232' title='bbox 1360 4185 1441 4227; x_wconf 82' lang='lat' dir='ltr'><strong>meae</strong></span> 
     </span>
     <span class='ocr_line' id='line_1_34' title="bbox 486 4267 1441 4348; baseline -0.004 -18"><span class='ocrx_word' id='word_1_233' title='bbox 486 4267 698 4343; x_wconf 83' lang='lat' dir='ltr'><strong>devotionem,</strong></span> <span class='ocrx_word' id='word_1_234' title='bbox 734 4268 957 4348; x_wconf 84' lang='lat' dir='ltr'><strong>gloriosissime</strong></span> <span class='ocrx_word' id='word_1_235' title='bbox 995 4290 1114 4346; x_wconf 90' lang='lat' dir='ltr'><strong>comes,</strong></span> <span class='ocrx_word' id='word_1_236' title='bbox 1150 4289 1216 4329; x_wconf 91' lang='lat' dir='ltr'><strong>nou</strong></span> <span class='ocrx_word' id='word_1_237' title='bbox 1254 4287 1323 4328; x_wconf 90' lang='lat' dir='ltr'><strong>esse</strong></span> <span class='ocrx_word' id='word_1_238' title='bbox 1361 4285 1441 4328; x_wconf 91' lang='lat' dir='ltr'><strong>con-</strong></span> 
     </span>
     <span class='ocr_line' id='line_1_35' title="bbox 485 4366 1440 4451; baseline -0.007 -16"><span class='ocrx_word' id='word_1_239' title='bbox 485 4381 651 4451; x_wconf 87' lang='lat' dir='ltr'><strong>temptam,</strong></span> <span class='ocrx_word' id='word_1_240' title='bbox 666 4369 692 4432; x_wconf 89' lang='lat' dir='ltr'><strong>si</strong></span> <span class='ocrx_word' id='word_1_241' title='bbox 709 4368 830 4451; x_wconf 88' lang='lat' dir='ltr'><strong>aliquid</strong></span> <span class='ocrx_word' id='word_1_242' title='bbox 851 4390 959 4432; x_wconf 90' lang='lat' dir='ltr'><strong>eorum</strong></span> <span class='ocrx_word' id='word_1_243' title='bbox 983 4391 1054 4451; x_wconf 87' lang='lat' dir='ltr'><strong>quae</strong></span> <span class='ocrx_word' id='word_1_244' title='bbox 1077 4368 1156 4430; x_wconf 92' lang='lat' dir='ltr'><strong>mihi</strong></span> <span class='ocrx_word' id='word_1_245' title='bbox 1171 4366 1341 4449; x_wconf 89' lang='lat' dir='ltr'><strong>possibilia</strong></span> <span class='ocrx_word' id='word_1_246' title='bbox 1353 4373 1440 4443; x_wconf 91' lang='lat' dir='ltr'><strong>sunt,</strong></span> 
     </span>
    </p>
   </div>
   <div class='ocr_carea' id='block_1_5' title="bbox 0 0 1838 5475">
    <p class='ocr_par' dir='ltr' id='par_1_5' title="bbox 0 0 1838 5475">
     <span class='ocr_line' id='line_1_36' title="bbox 0 0 1838 5475; baseline 0 12"><span class='ocrx_word' id='word_1_247' title='bbox 0 0 1838 5475; x_wconf 95' lang='lat' dir='ltr'><strong> </strong></span> 
     </span>
    </p>
   </div>
  </div>
 </body>
</html>
