3667 5475
401 767 597 846 llos—61.]
788 780 963 827 ammona.
1318 771 1360 830 65

396 933 492 998 beato
505 933 665 1018 Ragonio,
675 933 814 1020 quando,
827 932 931 1017 prima
942 933 1102 1017 legatione
1115 933 1209 998 missa
1220 934 1252 998 in
1265 936 1354 1020 regni

395 1034 443 1099 sui
456 1035 558 1113 initio,
569 1035 650 1100 tanti
661 1035 728 1099 ausi
739 1034 974 1120 impudentiam
986 1019 1092 1099 tumor
1102 1036 1310 1102 intolerabilis
1322 1052 1356 1103 et

394 1123 658 1222 lingrm‘incauta
683 1138 814 1214 detexit.
849 1120 1062 1201 Promittebat
1075 1132 1172 1201 'enim
1199 1161 1232 1202 se
1258 1139 1355 1204 totius

394 1239 479 1304 orbis
500 1240 746 1306 reformaturum
771 1240 953 1324 imperium,
973 1252 1007 1303 et
1028 1239 1100 1303 urbi
1118 1240 1352 1324 subjiciendum

393 1341 516 1417 orbem,
547 1354 729 1429 eventuque
766 1340 851 1404 taciti
885 1341 993 1405 omnia
1023 1341 1240 1419 subacturum,
1267 1344 1293 1407 si
1323 1344 1353 1408 ei

394 1442 433 1507 ad
456 1445 517 1508 hoc
539 1443 636 1507 solius
666 1441 803 1506 Romani
827 1442 985 1527 pontificis
1009 1442 1096 1507 favor
1122 1444 1255 1509 adesset.
1311 1447 1351 1510 Id

392 1545 481 1608 enim
492 1550 618 1638 agebat,
630 1556 666 1610 ut
675 1544 708 1607 in
720 1566 958 1629 quemcumque
967 1543 1167 1609 denunciatis
1176 1546 1352 1611 inimicitiis

394 1647 594 1711 materialem
614 1647 755 1731 gladium
776 1645 958 1731 imperator,
974 1646 1006 1709 in
1026 1648 1163 1711 eundem
1187 1648 1351 1714 Romanus

393 1748 539 1835 pontifex
561 1749 754 1835 spiritualem
776 1749 919 1833 gladium
941 1761 1095 1813 exereret.
1134 1752 1207 1813 Non
1228 1751 1351 1814 invenit

393 1850 500 1916 adhuc
515 1852 569 1939 qui
586 1864 682 1916 tantae
695 1852 889 1916 consentiret
903 1851 1076 1937 iniquitati,
1088 1852 1220 1938 ipsoque
1236 1874 1350 1938 repug-

392 1965 491 2017 nante
520 1959 643 2039 Moyse,
666 1954 686 2017 i.
703 1977 730 2019 e.
755 1953 993 2017 contradicente
1019 1953 1091 2036 lege
1118 1953 1263 2032 Domini,
1288 1954 1349 2017 Ba-

389 2055 552 2120 laamitam
564 2055 624 2120 sibi
636 2055 746 2119 ascivit
755 2054 951 2140 pontificem,
964 2076 1127 2140 perquem
1143 2054 1349 2120 malediceret

391 2158 508 2245 populo
540 2158 683 2222 Domini.
722 2158 842 2222 Filium
875 2157 984 2243 itaque
1015 2156 1259 2233 maledictionis,
1292 2180 1350 2244 per

392 2262 482 2347 cujus
506 2260 761 2346 designationem
788 2276 822 2325 et
853 2260 1119 2346 expectationem,
1144 2284 1201 2346 per
1232 2261 1350 2327 multas

390 2366 611 2447 successiones,
627 2388 646 2429 a
664 2364 774 2450 primis
794 2364 925 2427 familiae
945 2365 1087 2449 patribus
1108 2365 1278 2451 adipsum,
1296 2366 1347 2430 cui

391 2471 620 2549 reservabatur,
636 2468 800 2532 maledicti
815 2467 989 2533 derivatum
1012 2479 1059 2531 est
1074 2480 1108 2532 et
1123 2490 1299 2553 cognomen
1315 2484 1348 2534 et

391 2594 518 2647 nomen.
563 2575 609 2638 Et
638 2571 719 2636 torte
745 2570 785 2633 ad
812 2569 1032 2655 purgationem
1065 2581 1098 2633 et
1126 2571 1347 2657 probationem

390 2674 533 2740 ecclesiae
558 2672 995 2754 Romanae,Teutonicorum
1019 2672 1169 2757 impetus,
1193 2684 1345 2761 tanquam

391 2778 564 2847 cananeus
575 2777 664 2856 alter,
676 2775 804 2840 relictus
820 2787 868 2839 est
882 2775 915 2839 in
932 2787 1100 2853 aeternum,
1118 2787 1153 2838 ut
1166 2798 1293 2862 semper
1306 2778 1346 2841 ad
1455 2759 1461 2788 ³

388 2878 602 2944 eruditionem
621 2878 722 2963 ipsam
741 2878 909 2965 inquietet,
927 2877 1092 2963 victusque
1110 2889 1247 2957 corruat,
1264 2879 1346 2965 ipsa-

388 3005 451 3069 que
472 2981 594 3058 fortior,
608 2980 726 3066 gratior
745 2993 779 3045 et
797 2980 963 3068 gloriosior
979 2979 1091 3066 Sponsi
1113 2980 1265 3045 reddatur
1278 3003 1346 3046 am-

387 3086 534 3170 plexibus
556 3095 626 3169 post
647 3084 855 3169 triumphum.
903 3083 955 3149 Sic
981 3083 1022 3147 ad
1043 3083 1178 3167 gloriam
1205 3096 1343 3169 patrum,

386 3200 467 3252 teste
484 3185 690 3254 Lateranensi
705 3185 834 3271 palatio,
846 3186 901 3250 ubi
917 3185 977 3250 hoc
992 3185 1203 3251 invisibilibus
1213 3186 1346 3271 picturis

389 3300 421 3354 et
442 3289 515 3353 laici
536 3289 658 3374 legunt,
675 3288 716 3352 ad
737 3287 870 3372 gloriam
893 3301 1032 3373 patrum,
1047 3288 1249 3367 schismatici,
1265 3312 1344 3376 quos

387 3393 537 3458 secularis
550 3404 688 3479 potestas
702 3391 841 3469 intrusit,
853 3391 970 3455 dantur
984 3391 1189 3477 pontificibus
1203 3415 1261 3479 pro
1276 3414 1345 3457 sca-

385 3494 481 3576 bello,
492 3506 526 3559 et
539 3516 649 3558 eorum
665 3492 854 3557 memoriam
870 3493 1016 3558 recolunt
1027 3495 1143 3579 posteri
1159 3517 1216 3579 pro
1231 3495 1344 3559 trium·

385 3597 459 3683 pho.
486 3597 605 3661 Libera
616 3595 737 3661 debent
748 3618 815 3660 esse
827 3595 960 3681 judicia,
973 3608 1007 3660 et
1021 3596 1162 3683 quisquis
1174 3619 1212 3660 ea
1224 3597 1342 3662 viribus

381 3699 498 3765 nititur
513 3699 707 3784 perturbare,
719 3699 888 3784 capitalem
904 3699 945 3763 ab
958 3699 1096 3785 antiquis
1111 3700 1344 3764 constitutioni·

383 3802 446 3868 bus
461 3812 604 3866 meretur
619 3824 758 3888 poenam.
778 3801 1118 3896 ssnrrojcclesiastica
1132 3790 1253 3865 debent
1273 3823 1340 3867 esse

381 3903 560 3980 liberrima,
582 3916 614 3969 et
636 3904 677 3969 de
700 3923 859 3971 sacrorum
883 3898 1237 3986 canonnm'sanctione,
1259 3901 1341 3968 sicut

375 3996 496 4101 electio
511 4007 644 4092 pastoris
655 4019 704 4071 est
717 4007 750 4070 in
766 4006 899 4070 ecclesia
914 4006 1025 4084 libere,
1037 4019 1070 4069 et
1085 4005 1153 4069 sine
1167 4005 1341 4070 mundanae

382 4109 565 4200 potestatrs
571 4106 858 4194 praenominatione
880 4102 1082 4182 celebranda,
1103 4104 1148 4168 sic
1170 4105 1283 4169 eadem
1305 4107 1340 4169 in
1452 4109 1455 4115 ’

380 4196 515 4275 ecclesia
537 4209 737 4296 ajudicibus
759 4207 990 4284 ecclesiasticis,
1006 4205 1121 4271 amotis
1143 4206 1339 4271 secularibus

372 4304 639 4401 'terribilibusque
655 4311 806 4399 personis,
819 4311 994 4375 secundum
1011 4308 1136 4395 regulas
1150 4309 1337 4374 ecclesiasti·

379 4436 434 4478 cas
444 4413 657 4479 examinanda
669 4424 732 4476 est:
756 4410 909 4499 quicquid
921 4433 996 4493 vero
1007 4423 1117 4475 contra
1128 4410 1339 4495 praesumitur,

425 4536 497 4581 vot.
522 4537 545 4582 r.
579 4525 582 4531 “
792 4556 794 4560 ⁴
865 4535 883 4576 a
