<?xml version="1.0" encoding="UTF-8"?>
<!DOCTYPE html PUBLIC "-//W3C//DTD XHTML 1.0 Transitional//EN"
    "http://www.w3.org/TR/xhtml1/DTD/xhtml1-transitional.dtd">
<html xmlns="http://www.w3.org/1999/xhtml" xml:lang="en" lang="en">
 <head>
  <title>
</title>
<meta http-equiv="Content-Type" content="text/html;charset=utf-8" />
  <meta name='ocr-system' content='tesseract 3.04.00' />
  <meta name='ocr-capabilities' content='ocr_page ocr_carea ocr_par ocr_line ocrx_word'/>
</head>
<body>
  <div class='ocr_page' id='page_1' title='image "./operaomnianuncp03johngoog_0055.png"; bbox 0 0 3667 5475; ppageno 0'>
   <div class='ocr_carea' id='block_1_1' title="bbox 386 750 1340 829">
    <p class='ocr_par' dir='ltr' id='par_1_1' title="bbox 386 750 1340 829">
     <span class='ocr_line' id='line_1_1' title="bbox 386 750 1340 829; baseline 0.002 -19"><span class='ocrx_word' id='word_1_1' title='bbox 386 750 560 829; x_wconf 61' lang='lat' dir='ltr'><strong>tlte-s]</strong></span> <span class='ocrx_word' id='word_1_2' title='bbox 773 766 956 811; x_wconf 72' lang='lat' dir='ltr'><strong>urrsroau.</strong></span> <span class='ocrx_word' id='word_1_3' title='bbox 1299 755 1340 812; x_wconf 77' lang='grc'><strong>35</strong></span> 
     </span>
    </p>
   </div>
   <div class='ocr_carea' id='block_1_2' title="bbox 379 914 1431 2324">
    <p class='ocr_par' dir='ltr' id='par_1_2' title="bbox 379 914 1431 2324">
     <span class='ocr_line' id='line_1_2' title="bbox 381 914 1336 995; baseline 0.001 -13"><span class='ocrx_word' id='word_1_4' title='bbox 381 918 602 982; x_wconf 84' lang='lat' dir='ltr'><strong>Alexandrum</strong></span> <span class='ocrx_word' id='word_1_5' title='bbox 628 918 668 984; x_wconf 91' lang='lat' dir='ltr'><strong>de</strong></span> <span class='ocrx_word' id='word_1_6' title='bbox 696 914 851 980; x_wconf 90' lang='lat' dir='ltr'><strong>Draitona</strong></span> <span class='ocrx_word' id='word_1_7' title='bbox 874 929 906 979; x_wconf 91' lang='lat' dir='ltr'><strong>et</strong></span> <span class='ocrx_word' id='word_1_8' title='bbox 933 915 1112 982; x_wconf 79' lang='lat' dir='ltr'><strong>Radult‘um</strong></span> <span class='ocrx_word' id='word_1_9' title='bbox 1138 928 1336 995; x_wconf 81' lang='lat' dir='ltr'><strong>extraneum,</strong></span> 
     </span>
     <span class='ocr_line' id='line_1_3' title="bbox 379 1014 1338 1105; baseline 0 -23"><span class='ocrx_word' id='word_1_10' title='bbox 379 1018 577 1105; x_wconf 87' lang='lat' dir='ltr'><strong>appellatum</strong></span> <span class='ocrx_word' id='word_1_11' title='bbox 590 1018 665 1095; x_wconf 84' lang='lat' dir='ltr'><strong>fuit,</strong></span> <span class='ocrx_word' id='word_1_12' title='bbox 677 1019 708 1080; x_wconf 93' lang='lat' dir='ltr'><strong>in</strong></span> <span class='ocrx_word' id='word_1_13' title='bbox 721 1014 944 1103; x_wconf 69' lang='lat' dir='ltr'><strong>praejudicium</strong></span> <span class='ocrx_word' id='word_1_14' title='bbox 959 1015 1144 1098; x_wconf 83' lang='lat' dir='ltr'><strong>Alexandri,</strong></span> <span class='ocrx_word' id='word_1_15' title='bbox 1155 1030 1338 1105; x_wconf 87' lang='lat' dir='ltr'><strong>contempta</strong></span> 
     </span>
     <span class='ocr_line' id='line_1_4' title="bbox 380 1117 1337 1203; baseline -0.003 -17"><span class='ocrx_word' id='word_1_16' title='bbox 380 1120 571 1187; x_wconf 86' lang='lat' dir='ltr'><strong>auctoritate</strong></span> <span class='ocrx_word' id='word_1_17' title='bbox 587 1128 706 1196; x_wconf 89' lang='lat' dir='ltr'><strong>nostra,</strong></span> <span class='ocrx_word' id='word_1_18' title='bbox 721 1117 845 1203; x_wconf 91' lang='lat' dir='ltr'><strong>aliquid</strong></span> <span class='ocrx_word' id='word_1_19' title='bbox 861 1139 959 1181; x_wconf 91' lang='lat' dir='ltr'><strong>ausus</strong></span> <span class='ocrx_word' id='word_1_20' title='bbox 980 1140 1014 1182; x_wconf 88' lang='lat' dir='ltr'><strong>es</strong></span> <span class='ocrx_word' id='word_1_21' title='bbox 1035 1117 1194 1183; x_wconf 87' lang='lat' dir='ltr'><strong>innovare.</strong></span> <span class='ocrx_word' id='word_1_22' title='bbox 1240 1118 1337 1184; x_wconf 89' lang='lat' dir='ltr'><strong>Unde</strong></span> 
     </span>
     <span class='ocr_line' id='line_1_5' title="bbox 381 1219 1339 1308; baseline 0 -22"><span class='ocrx_word' id='word_1_23' title='bbox 381 1222 440 1286; x_wconf 92' lang='lat' dir='ltr'><strong>tibi</strong></span> <span class='ocrx_word' id='word_1_24' title='bbox 456 1221 672 1308; x_wconf 76' lang='lat' dir='ltr'><strong>praecipiendo</strong></span> <span class='ocrx_word' id='word_1_25' title='bbox 685 1219 883 1300; x_wconf 83' lang='lat' dir='ltr'><strong>mandamus,</strong></span> <span class='ocrx_word' id='word_1_26' title='bbox 894 1232 1055 1304; x_wconf 89' lang='lat' dir='ltr'><strong>quatenus</strong></span> <span class='ocrx_word' id='word_1_27' title='bbox 1069 1221 1215 1305; x_wconf 86' lang='lat' dir='ltr'><strong>proxima</strong></span> <span class='ocrx_word' id='word_1_28' title='bbox 1227 1222 1339 1286; x_wconf 90' lang='lat' dir='ltr'><strong>Domi-</strong></span> 
     </span>
     <span class='ocr_line' id='line_1_6' title="bbox 380 1323 1338 1411; baseline -0.002 -22"><span class='ocrx_word' id='word_1_29' title='bbox 380 1326 462 1402; x_wconf 87' lang='lat' dir='ltr'><strong>nica,</strong></span> <span class='ocrx_word' id='word_1_30' title='bbox 474 1347 537 1411; x_wconf 88' lang='lat' dir='ltr'><strong>qua</strong></span> <span class='ocrx_word' id='word_1_31' title='bbox 548 1323 741 1399; x_wconf 86' lang='lat' dir='ltr'><strong>cantabitur,</strong></span> <span class='ocrx_word' id='word_1_32' title='bbox 757 1326 899 1387; x_wconf 73' lang='lat' dir='ltr'><strong>Caritate</strong></span> <span class='ocrx_word' id='word_1_33' title='bbox 909 1323 1060 1398; x_wconf 80' lang='lat' dir='ltr'><strong>Domino,</strong></span> <span class='ocrx_word' id='word_1_34' title='bbox 1071 1335 1180 1388; x_wconf 88' lang='lat' dir='ltr'><strong>nostro</strong></span> <span class='ocrx_word' id='word_1_35' title='bbox 1192 1345 1338 1408; x_wconf 87' lang='lat' dir='ltr'><strong>conspec-</strong></span> 
     </span>
     <span class='ocr_line' id='line_1_7' title="bbox 381 1425 1338 1512; baseline -0.003 -22"><span class='ocrx_word' id='word_1_36' title='bbox 381 1427 431 1490; x_wconf 92' lang='lat' dir='ltr'><strong>tui</strong></span> <span class='ocrx_word' id='word_1_37' title='bbox 446 1449 610 1512; x_wconf 88' lang='lat' dir='ltr'><strong>appareas,</strong></span> <span class='ocrx_word' id='word_1_38' title='bbox 626 1446 836 1509; x_wconf 87' lang='lat' dir='ltr'><strong>responsurus</strong></span> <span class='ocrx_word' id='word_1_39' title='bbox 851 1435 1028 1488; x_wconf 90' lang='lat' dir='ltr'><strong>memorato</strong></span> <span class='ocrx_word' id='word_1_40' title='bbox 1045 1425 1233 1490; x_wconf 84' lang='lat' dir='ltr'><strong>Alexandro</strong></span> <span class='ocrx_word' id='word_1_41' title='bbox 1247 1436 1278 1489; x_wconf 86' lang='lat' dir='ltr'><strong>et</strong></span> <span class='ocrx_word' id='word_1_42' title='bbox 1295 1425 1338 1489; x_wconf 90' lang='lat' dir='ltr'><strong>R.</strong></span> 
     </span>
     <span class='ocr_line' id='line_1_8' title="bbox 383 1525 1339 1616; baseline -0.002 -25"><span class='ocrx_word' id='word_1_43' title='bbox 383 1529 476 1594; x_wconf 85' lang='lat' dir='ltr'><strong>fratri</strong></span> <span class='ocrx_word' id='word_1_44' title='bbox 488 1530 569 1616; x_wconf 88' lang='lat' dir='ltr'><strong>ejus,</strong></span> <span class='ocrx_word' id='word_1_45' title='bbox 581 1528 622 1592; x_wconf 89' lang='lat' dir='ltr'><strong>de</strong></span> <span class='ocrx_word' id='word_1_46' title='bbox 632 1525 848 1590; x_wconf 87' lang='lat' dir='ltr'><strong>inobedientia</strong></span> <span class='ocrx_word' id='word_1_47' title='bbox 859 1537 890 1588; x_wconf 88' lang='lat' dir='ltr'><strong>et</strong></span> <span class='ocrx_word' id='word_1_48' title='bbox 902 1536 1087 1611; x_wconf 92' lang='lat' dir='ltr'><strong>contemptu</strong></span> <span class='ocrx_word' id='word_1_49' title='bbox 1099 1525 1220 1590; x_wconf 90' lang='lat' dir='ltr'><strong>domini</strong></span> <span class='ocrx_word' id='word_1_50' title='bbox 1235 1549 1339 1613; x_wconf 82' lang='lat' dir='ltr'><strong>papoe,</strong></span> 
     </span>
     <span class='ocr_line' id='line_1_9' title="bbox 383 1624 1340 1716; baseline -0.001 -22"><span class='ocrx_word' id='word_1_51' title='bbox 383 1643 416 1696; x_wconf 87' lang='lat' dir='ltr'><strong>et</strong></span> <span class='ocrx_word' id='word_1_52' title='bbox 428 1644 547 1703; x_wconf 85' lang='lat' dir='ltr'><strong>nostro,</strong></span> <span class='ocrx_word' id='word_1_53' title='bbox 557 1644 590 1693; x_wconf 89' lang='lat' dir='ltr'><strong>et</strong></span> <span class='ocrx_word' id='word_1_54' title='bbox 602 1624 844 1716; x_wconf 79' lang='lat' dir='ltr'><strong>participatione</strong></span> <span class='ocrx_word' id='word_1_55' title='bbox 857 1626 1023 1712; x_wconf 82' lang='lat' dir='ltr'><strong>sacrilegii,</strong></span> <span class='ocrx_word' id='word_1_56' title='bbox 1033 1627 1256 1694; x_wconf 81' lang='lat' dir='ltr'><strong>anathematis:</strong></span> <span class='ocrx_word' id='word_1_57' title='bbox 1280 1627 1340 1693; x_wconf 89' lang='lat' dir='ltr'><strong>hoc</strong></span> 
     </span>
     <span class='ocr_line' id='line_1_10' title="bbox 385 1728 1341 1819; baseline -0.001 -24"><span class='ocrx_word' id='word_1_58' title='bbox 385 1755 516 1819; x_wconf 86' lang='lat' dir='ltr'><strong>quoque</strong></span> <span class='ocrx_word' id='word_1_59' title='bbox 541 1731 708 1817; x_wconf 87' lang='lat' dir='ltr'><strong>provideas</strong></span> <span class='ocrx_word' id='word_1_60' title='bbox 735 1752 774 1793; x_wconf 90' lang='lat' dir='ltr'><strong>ne</strong></span> <span class='ocrx_word' id='word_1_61' title='bbox 796 1728 982 1813; x_wconf 91' lang='lat' dir='ltr'><strong>multiplicis</strong></span> <span class='ocrx_word' id='word_1_62' title='bbox 1006 1728 1253 1807; x_wconf 79' lang='lat' dir='ltr'><strong>incontinentiae,</strong></span> <span class='ocrx_word' id='word_1_63' title='bbox 1275 1752 1341 1814; x_wconf 89' lang='lat' dir='ltr'><strong>qua</strong></span> 
     </span>
     <span class='ocr_line' id='line_1_11' title="bbox 386 1831 1341 1916; baseline -0.005 -18"><span class='ocrx_word' id='word_1_64' title='bbox 386 1856 499 1898; x_wconf 88' lang='lat' dir='ltr'><strong>nomen</strong></span> <span class='ocrx_word' id='word_1_65' title='bbox 516 1847 608 1904; x_wconf 91' lang='lat' dir='ltr'><strong>tuum</strong></span> <span class='ocrx_word' id='word_1_66' title='bbox 619 1832 756 1906; x_wconf 86' lang='lat' dir='ltr'><strong>sinistrae</strong></span> <span class='ocrx_word' id='word_1_67' title='bbox 764 1831 858 1896; x_wconf 87' lang='lat' dir='ltr'><strong>famae</strong></span> <span class='ocrx_word' id='word_1_68' title='bbox 869 1853 977 1894; x_wconf 91' lang='lat' dir='ltr'><strong>rumor</strong></span> <span class='ocrx_word' id='word_1_69' title='bbox 987 1831 1130 1916; x_wconf 86' lang='lat' dir='ltr'><strong>aspersit,</strong></span> <span class='ocrx_word' id='word_1_70' title='bbox 1142 1831 1231 1915; x_wconf 93' lang='lat' dir='ltr'><strong>quod</strong></span> <span class='ocrx_word' id='word_1_71' title='bbox 1246 1832 1341 1896; x_wconf 90' lang='lat' dir='ltr'><strong>mini-</strong></span> 
     </span>
     <span class='ocr_line' id='line_1_12' title="bbox 385 1933 1341 2022; baseline -0.003 -21"><span class='ocrx_word' id='word_1_72' title='bbox 385 1959 436 2001; x_wconf 89' lang='lat' dir='ltr'><strong>me</strong></span> <span class='ocrx_word' id='word_1_73' title='bbox 448 1948 608 2022; x_wconf 90' lang='lat' dir='ltr'><strong>optamus‚</strong></span> <span class='ocrx_word' id='word_1_74' title='bbox 619 1959 692 2001; x_wconf 87' lang='lat' dir='ltr'><strong>reus</strong></span> <span class='ocrx_word' id='word_1_75' title='bbox 702 1933 881 1999; x_wconf 89' lang='lat' dir='ltr'><strong>inveniaris.</strong></span> <span class='ocrx_word' id='word_1_76' title='bbox 910 1934 977 1997; x_wconf 91' lang='lat' dir='ltr'><strong>Nos</strong></span> <span class='ocrx_word' id='word_1_77' title='bbox 989 1933 1071 1995; x_wconf 88' lang='lat' dir='ltr'><strong>enim</strong></span> <span class='ocrx_word' id='word_1_78' title='bbox 1084 1946 1189 1998; x_wconf 88' lang='lat' dir='ltr'><strong>tantos</strong></span> <span class='ocrx_word' id='word_1_79' title='bbox 1198 1955 1341 1999; x_wconf 86' lang='lat' dir='ltr'><strong>excessus</strong></span> 
     </span>
     <span class='ocr_line' id='line_1_13' title="bbox 387 2034 1342 2123; baseline -0.002 -21"><span class='ocrx_word' id='word_1_80' title='bbox 387 2038 549 2123; x_wconf 84' lang='lat' dir='ltr'><strong>praeterire</strong></span> <span class='ocrx_word' id='word_1_81' title='bbox 564 2059 627 2102; x_wconf 92' lang='lat' dir='ltr'><strong>non</strong></span> <span class='ocrx_word' id='word_1_82' title='bbox 641 2039 815 2122; x_wconf 89' lang='lat' dir='ltr'><strong>poterimus</strong></span> <span class='ocrx_word' id='word_1_83' title='bbox 829 2034 1031 2112; x_wconf 87' lang='lat' dir='ltr'><strong>incorrectos,</strong></span> <span class='ocrx_word' id='word_1_84' title='bbox 1042 2057 1082 2098; x_wconf 92' lang='lat' dir='ltr'><strong>ne</strong></span> <span class='ocrx_word' id='word_1_85' title='bbox 1096 2058 1136 2099; x_wconf 85' lang='lat' dir='ltr'><strong>ex</strong></span> <span class='ocrx_word' id='word_1_86' title='bbox 1148 2035 1342 2121; x_wconf 82' lang='lat' dir='ltr'><strong>negligentia</strong></span> 
     </span>
     <span class='ocr_line' id='line_1_14' title="bbox 386 2135 1431 2224; baseline -0.003 -20"><span class='ocrx_word' id='word_1_87' title='bbox 386 2139 480 2204; x_wconf 88' lang='lat' dir='ltr'><strong>officii</strong></span> <span class='ocrx_word' id='word_1_88' title='bbox 504 2138 602 2205; x_wconf 88' lang='lat' dir='ltr'><strong>nostri</strong></span> <span class='ocrx_word' id='word_1_89' title='bbox 623 2138 755 2223; x_wconf 88' lang='lat' dir='ltr'><strong>gravius</strong></span> <span class='ocrx_word' id='word_1_90' title='bbox 776 2135 985 2221; x_wconf 84' lang='lat' dir='ltr'><strong>corripiamur</strong></span> <span class='ocrx_word' id='word_1_91' title='bbox 1000 2136 1041 2200; x_wconf 89' lang='lat' dir='ltr'><strong>ab</strong></span> <span class='ocrx_word' id='word_1_92' title='bbox 1063 2160 1111 2213; x_wconf 88' lang='lat' dir='ltr'><strong>eo,</strong></span> <span class='ocrx_word' id='word_1_93' title='bbox 1127 2138 1215 2223; x_wconf 85' lang='lat' dir='ltr'><strong>apud</strong></span> <span class='ocrx_word' id='word_1_94' title='bbox 1234 2160 1342 2224; x_wconf 91' lang='lat' dir='ltr'><strong>quem,</strong></span> <span class='ocrx_word' id='word_1_95' title='bbox 1430 2211 1431 2214; x_wconf 7' lang='grc' dir='ltr'><strong>Ἴ</strong></span> 
     </span>
     <span class='ocr_line' id='line_1_15' title="bbox 387 2240 1327 2324; baseline -0.005 -17"><span class='ocrx_word' id='word_1_96' title='bbox 387 2242 469 2309; x_wconf 86' lang='lat' dir='ltr'><strong>sicut</strong></span> <span class='ocrx_word' id='word_1_97' title='bbox 486 2264 542 2306; x_wconf 90' lang='lat' dir='ltr'><strong>nec</strong></span> <span class='ocrx_word' id='word_1_98' title='bbox 558 2262 737 2316; x_wconf 88' lang='lat' dir='ltr'><strong>munerum,</strong></span> <span class='ocrx_word' id='word_1_99' title='bbox 753 2240 800 2304; x_wconf 89' lang='lat' dir='ltr'><strong>ita</strong></span> <span class='ocrx_word' id='word_1_100' title='bbox 814 2261 876 2302; x_wconf 92' lang='lat' dir='ltr'><strong>non</strong></span> <span class='ocrx_word' id='word_1_101' title='bbox 892 2251 939 2302; x_wconf 86' lang='lat' dir='ltr'><strong>est</strong></span> <span class='ocrx_word' id='word_1_102' title='bbox 955 2240 1097 2323; x_wconf 86' lang='lat' dir='ltr'><strong>acceptio</strong></span> <span class='ocrx_word' id='word_1_103' title='bbox 1112 2261 1327 2324; x_wconf 86' lang='lat' dir='ltr'><strong>personarum.</strong></span> 
     </span>
    </p>
   </div>
   <div class='ocr_carea' id='block_1_3' title="bbox 440 2409 1284 2573">
    <p class='ocr_par' dir='ltr' id='par_1_3' title="bbox 440 2409 1284 2573">
     <span class='ocr_line' id='line_1_16' title="bbox 440 2409 1284 2474; baseline 0 -1"><span class='ocrx_word' id='word_1_104' title='bbox 440 2409 663 2474; x_wconf 86' lang='lat' dir='ltr'>EPISTOLA</span> <span class='ocrx_word' id='word_1_105' title='bbox 687 2410 933 2472; x_wconf 62' lang='lat' dir='ltr'><strong>XXXIV-an</strong></span> <span class='ocrx_word' id='word_1_106' title='bbox 947 2429 1103 2471; x_wconf 80' lang='lat' dir='ltr'><strong>Joauuau</strong></span> <span class='ocrx_word' id='word_1_107' title='bbox 1119 2429 1284 2474; x_wconf 73' lang='lat' dir='ltr'><strong>rossana.</strong></span> 
     </span>
     <span class='ocr_line' id='line_1_17' title="bbox 795 2529 935 2573; baseline -0.007 0"><span class='ocrx_word' id='word_1_108' title='bbox 795 2529 935 2573; x_wconf 75' lang='lat' dir='ltr'><strong>uuonan.</strong></span> 
     </span>
    </p>
   </div>
   <div class='ocr_carea' id='block_1_4' title="bbox 583 2630 1150 2701">
    <p class='ocr_par' dir='ltr' id='par_1_4' title="bbox 583 2630 1150 2701">
     <span class='ocr_line' id='line_1_18' title="bbox 583 2630 1150 2701; baseline -0.014 0"><span class='ocrx_word' id='word_1_109' title='bbox 583 2631 708 2701; x_wconf 68' lang='lat' dir='ltr'><strong>«loanni</strong></span> <span class='ocrx_word' id='word_1_110' title='bbox 723 2630 927 2694; x_wconf 74' lang='lat' dir='ltr'><strong>thesaurario</strong></span> <span class='ocrx_word' id='word_1_111' title='bbox 941 2630 1150 2693; x_wconf 80' lang='lat' dir='ltr'><strong>Ebnrncenar&#39;.</strong></span> 
     </span>
    </p>
   </div>
   <div class='ocr_carea' id='block_1_5' title="bbox 391 2746 1346 3239">
    <p class='ocr_par' dir='ltr' id='par_1_5' title="bbox 391 2746 1346 3239">
     <span class='ocr_line' id='line_1_19' title="bbox 433 2746 1345 2832; baseline -0.002 -18"><span class='ocrx_word' id='word_1_112' title='bbox 433 2752 521 2814; x_wconf 81' lang='lat' dir='ltr'><strong>Posr</strong></span> <span class='ocrx_word' id='word_1_113' title='bbox 542 2748 713 2813; x_wconf 89' lang='lat' dir='ltr'><strong>discessum</strong></span> <span class='ocrx_word' id='word_1_114' title='bbox 733 2746 876 2832; x_wconf 84' lang='lat' dir='ltr'><strong>magistri</strong></span> <span class='ocrx_word' id='word_1_115' title='bbox 892 2746 1048 2810; x_wconf 90' lang='lat' dir='ltr'><strong>Willelmi</strong></span> <span class='ocrx_word' id='word_1_116' title='bbox 1066 2761 1098 2810; x_wconf 92' lang='lat' dir='ltr'><strong>et</strong></span> <span class='ocrx_word' id='word_1_117' title='bbox 1115 2748 1211 2825; x_wconf 78' lang='lat' dir='ltr'><strong>Rae,</strong></span> <span class='ocrx_word' id='word_1_118' title='bbox 1227 2749 1345 2832; x_wconf 80' lang='lat' dir='ltr'><strong>quibus</strong></span> 
     </span>
     <span class='ocr_line' id='line_1_20' title="bbox 392 2846 1344 2935; baseline -0.004 -21"><span class='ocrx_word' id='word_1_119' title='bbox 392 2848 568 2934; x_wconf 85' lang='lat' dir='ltr'><strong>negotium,</strong></span> <span class='ocrx_word' id='word_1_120' title='bbox 584 2848 624 2914; x_wconf 91' lang='lat' dir='ltr'><strong>de</strong></span> <span class='ocrx_word' id='word_1_121' title='bbox 646 2870 714 2935; x_wconf 92' lang='lat' dir='ltr'><strong>quo</strong></span> <span class='ocrx_word' id='word_1_122' title='bbox 730 2848 858 2933; x_wconf 88' lang='lat' dir='ltr'><strong>loquuti</strong></span> <span class='ocrx_word' id='word_1_123' title='bbox 883 2870 1004 2924; x_wconf 87' lang='lat' dir='ltr'><strong>sumus,</strong></span> <span class='ocrx_word' id='word_1_124' title='bbox 1019 2846 1121 2910; x_wconf 89' lang='lat' dir='ltr'><strong>multa</strong></span> <span class='ocrx_word' id='word_1_125' title='bbox 1144 2869 1273 2932; x_wconf 88' lang='lat' dir='ltr'><strong>precum</strong></span> <span class='ocrx_word' id='word_1_126' title='bbox 1297 2849 1344 2910; x_wconf 92' lang='lat' dir='ltr'><strong>in-</strong></span> 
     </span>
     <span class='ocr_line' id='line_1_21' title="bbox 392 2948 1344 3035; baseline -0.002 -21"><span class='ocrx_word' id='word_1_127' title='bbox 392 2950 511 3019; x_wconf 84' lang='lat' dir='ltr'><strong>stantia</strong></span> <span class='ocrx_word' id='word_1_128' title='bbox 524 2951 676 3028; x_wconf 89' lang='lat' dir='ltr'><strong>commisi,</strong></span> <span class='ocrx_word' id='word_1_129' title='bbox 694 2951 875 3015; x_wconf 88' lang='lat' dir='ltr'><strong>Norwicum</strong></span> <span class='ocrx_word' id='word_1_130' title='bbox 892 2949 1054 3035; x_wconf 78' lang='lat' dir='ltr'><strong>proiectus</strong></span> <span class='ocrx_word' id='word_1_131' title='bbox 1068 2969 1150 3026; x_wconf 90' lang='lat' dir='ltr'><strong>sum,</strong></span> <span class='ocrx_word' id='word_1_132' title='bbox 1167 2948 1276 3033; x_wconf 93' lang='lat' dir='ltr'><strong>ibique</strong></span> <span class='ocrx_word' id='word_1_133' title='bbox 1292 2972 1344 3012; x_wconf 93' lang='lat' dir='ltr'><strong>ue-</strong></span> 
     </span>
     <span class='ocr_line' id='line_1_22' title="bbox 391 3051 1346 3140; baseline -0.003 -21"><span class='ocrx_word' id='word_1_134' title='bbox 391 3053 515 3140; x_wconf 82' lang='lat' dir='ltr'><strong>gotium</strong></span> <span class='ocrx_word' id='word_1_135' title='bbox 542 3066 683 3123; x_wconf 79' lang='lat' dir='ltr'><strong>vestrum</strong></span> <span class='ocrx_word' id='word_1_136' title='bbox 715 3067 836 3138; x_wconf 87' lang='lat' dir='ltr'><strong>quanta</strong></span> <span class='ocrx_word' id='word_1_137' title='bbox 861 3054 1005 3139; x_wconf 88' lang='lat' dir='ltr'><strong>oportuit</strong></span> <span class='ocrx_word' id='word_1_138' title='bbox 1032 3051 1199 3116; x_wconf 88' lang='lat' dir='ltr'><strong>devotione</strong></span> <span class='ocrx_word' id='word_1_139' title='bbox 1224 3065 1256 3117; x_wconf 91' lang='lat' dir='ltr'><strong>et</strong></span> <span class='ocrx_word' id='word_1_140' title='bbox 1283 3052 1346 3128; x_wconf 78' lang='lat' dir='ltr'><strong>fide</strong></span> 
     </span>
     <span class='ocr_line' id='line_1_23' title="bbox 391 3151 1345 3239; baseline -0.001 -21"><span class='ocrx_word' id='word_1_141' title='bbox 391 3153 485 3239; x_wconf 80' lang='lat' dir='ltr'><strong>gessi.</strong></span> <span class='ocrx_word' id='word_1_142' title='bbox 532 3151 607 3217; x_wconf 90' lang='lat' dir='ltr'><strong>Mea</strong></span> <span class='ocrx_word' id='word_1_143' title='bbox 626 3176 703 3237; x_wconf 89' lang='lat' dir='ltr'><strong>ergo</strong></span> <span class='ocrx_word' id='word_1_144' title='bbox 717 3152 879 3229; x_wconf 88' lang='lat' dir='ltr'><strong>instantia,</strong></span> <span class='ocrx_word' id='word_1_145' title='bbox 895 3165 927 3215; x_wconf 88' lang='lat' dir='ltr'><strong>et</strong></span> <span class='ocrx_word' id='word_1_146' title='bbox 952 3153 1124 3217; x_wconf 83' lang='lat' dir='ltr'><strong>amicorum</strong></span> <span class='ocrx_word' id='word_1_147' title='bbox 1150 3165 1345 3231; x_wconf 87' lang='lat' dir='ltr'><strong>nostrorum,</strong></span> 
     </span>
    </p>
   </div>
   <div class='ocr_carea' id='block_1_6' title="bbox 392 3252 1445 3340">
    <p class='ocr_par' dir='ltr' id='par_1_6' title="bbox 392 3252 1445 3340">
     <span class='ocr_line' id='line_1_24' title="bbox 392 3252 1445 3340; baseline 0.002 -22"><span class='ocrx_word' id='word_1_148' title='bbox 392 3255 526 3319; x_wconf 87' lang='lat' dir='ltr'><strong>Joannis</strong></span> <span class='ocrx_word' id='word_1_149' title='bbox 550 3254 705 3339; x_wconf 79' lang='lat' dir='ltr'><strong>monachi,</strong></span> <span class='ocrx_word' id='word_1_150' title='bbox 721 3266 754 3320; x_wconf 87' lang='lat' dir='ltr'><strong>et</strong></span> <span class='ocrx_word' id='word_1_151' title='bbox 779 3253 930 3338; x_wconf 85' lang='lat' dir='ltr'><strong>Magistri</strong></span> <span class='ocrx_word' id='word_1_152' title='bbox 957 3255 1011 3331; x_wconf 89' lang='lat' dir='ltr'><strong>N.,</strong></span> <span class='ocrx_word' id='word_1_153' title='bbox 1027 3252 1113 3340; x_wconf 94' lang='lat' dir='ltr'><strong>quod</strong></span> <span class='ocrx_word' id='word_1_154' title='bbox 1135 3253 1224 3318; x_wconf 88' lang='lat' dir='ltr'><strong>vobis</strong></span> <span class='ocrx_word' id='word_1_155' title='bbox 1249 3255 1345 3320; x_wconf 88' lang='lat' dir='ltr'><strong>debe·</strong></span> <span class='ocrx_word' id='word_1_156' title='bbox 1439 3268 1445 3278; x_wconf 93' lang='grc'><em>“</em></span> 
     </span>
    </p>
   </div>
   <div class='ocr_carea' id='block_1_7' title="bbox 393 3354 1383 4253">
    <p class='ocr_par' dir='ltr' id='par_1_7' title="bbox 393 3354 1383 4253">
     <span class='ocr_line' id='line_1_25' title="bbox 393 3354 1348 3435; baseline 0.002 -14"><span class='ocrx_word' id='word_1_157' title='bbox 393 3356 490 3421; x_wconf 87' lang='lat' dir='ltr'><strong>hatur</strong></span> <span class='ocrx_word' id='word_1_158' title='bbox 504 3377 524 3419; x_wconf 87' lang='lat' dir='ltr'><strong>a</strong></span> <span class='ocrx_word' id='word_1_159' title='bbox 538 3355 667 3419; x_wconf 90' lang='lat' dir='ltr'><strong>domino</strong></span> <span class='ocrx_word' id='word_1_160' title='bbox 684 3354 878 3420; x_wconf 86' lang='lat' dir='ltr'><strong>Norwicensi</strong></span> <span class='ocrx_word' id='word_1_161' title='bbox 893 3354 1030 3435; x_wconf 89' lang='lat' dir='ltr'><strong>obtinui,</strong></span> <span class='ocrx_word' id='word_1_162' title='bbox 1045 3354 1119 3418; x_wconf 91' lang='lat' dir='ltr'><strong>licet</strong></span> <span class='ocrx_word' id='word_1_163' title='bbox 1134 3356 1187 3420; x_wconf 91' lang='lat' dir='ltr'><strong>ille</strong></span> <span class='ocrx_word' id='word_1_164' title='bbox 1203 3357 1243 3420; x_wconf 90' lang='lat' dir='ltr'><strong>de</strong></span> <span class='ocrx_word' id='word_1_165' title='bbox 1259 3357 1348 3423; x_wconf 87' lang='lat' dir='ltr'><strong>vobis</strong></span> 
     </span>
     <span class='ocr_line' id='line_1_26' title="bbox 394 3456 1350 3543; baseline 0.004 -23"><span class='ocrx_word' id='word_1_166' title='bbox 394 3457 568 3543; x_wconf 85' lang='lat' dir='ltr'><strong>plurimum</strong></span> <span class='ocrx_word' id='word_1_167' title='bbox 593 3469 852 3543; x_wconf 87' lang='lat' dir='ltr'><strong>conquereretur,</strong></span> <span class='ocrx_word' id='word_1_168' title='bbox 878 3469 909 3520; x_wconf 91' lang='lat' dir='ltr'><strong>et</strong></span> <span class='ocrx_word' id='word_1_169' title='bbox 936 3456 1019 3521; x_wconf 87' lang='lat' dir='ltr'><strong>forte</strong></span> <span class='ocrx_word' id='word_1_170' title='bbox 1043 3458 1166 3522; x_wconf 91' lang='lat' dir='ltr'><strong>merito.</strong></span> <span class='ocrx_word' id='word_1_171' title='bbox 1213 3459 1350 3524; x_wconf 87' lang='lat' dir='ltr'><strong>Dicebat</strong></span> 
     </span>
     <span class='ocr_line' id='line_1_27' title="bbox 394 3557 1348 3647; baseline 0.003 -26"><span class='ocrx_word' id='word_1_172' title='bbox 394 3560 476 3629; x_wconf 86' lang='lat' dir='ltr'><strong>enim</strong></span> <span class='ocrx_word' id='word_1_173' title='bbox 493 3559 580 3647; x_wconf 88' lang='lat' dir='ltr'><strong>quod</strong></span> <span class='ocrx_word' id='word_1_174' title='bbox 597 3581 698 3645; x_wconf 90' lang='lat' dir='ltr'><strong>quum</strong></span> <span class='ocrx_word' id='word_1_175' title='bbox 715 3557 798 3622; x_wconf 86' lang='lat' dir='ltr'><strong>inter</strong></span> <span class='ocrx_word' id='word_1_176' title='bbox 819 3559 937 3622; x_wconf 91' lang='lat' dir='ltr'><strong>amicos</strong></span> <span class='ocrx_word' id='word_1_177' title='bbox 953 3581 1009 3622; x_wconf 90' lang='lat' dir='ltr'><strong>vos</strong></span> <span class='ocrx_word' id='word_1_178' title='bbox 1031 3561 1230 3645; x_wconf 78' lang='lat' dir='ltr'><strong>praecipuum</strong></span> <span class='ocrx_word' id='word_1_179' title='bbox 1256 3583 1348 3646; x_wconf 87' lang='lat' dir='ltr'><strong>repu-</strong></span> 
     </span>
     <span class='ocr_line' id='line_1_28' title="bbox 396 3660 1383 3744; baseline 0.007 -20"><span class='ocrx_word' id='word_1_180' title='bbox 396 3673 490 3741; x_wconf 90' lang='lat' dir='ltr'><strong>taret,</strong></span> <span class='ocrx_word' id='word_1_181' title='bbox 514 3660 600 3744; x_wconf 84' lang='lat' dir='ltr'><strong>solus</strong></span> <span class='ocrx_word' id='word_1_182' title='bbox 622 3661 654 3723; x_wconf 94' lang='lat' dir='ltr'><strong>in</strong></span> <span class='ocrx_word' id='word_1_183' title='bbox 681 3661 876 3725; x_wconf 85' lang='lat' dir='ltr'><strong>necessitatis</strong></span> <span class='ocrx_word' id='word_1_184' title='bbox 899 3660 1034 3725; x_wconf 89' lang='lat' dir='ltr'><strong>articulo</strong></span> <span class='ocrx_word' id='word_1_185' title='bbox 1056 3662 1096 3725; x_wconf 93' lang='lat' dir='ltr'><strong>ab</strong></span> <span class='ocrx_word' id='word_1_186' title='bbox 1119 3685 1156 3724; x_wconf 92' lang='lat' dir='ltr'><strong>eo</strong></span> <span class='ocrx_word' id='word_1_187' title='bbox 1178 3662 1348 3727; x_wconf 81' lang='lat' dir='ltr'><strong>defecistis.</strong></span> <span class='ocrx_word' id='word_1_188' title='bbox 1381 3730 1383 3732; x_wconf 77' lang='grc'>,</span> 
     </span>
     <span class='ocr_line' id='line_1_29' title="bbox 396 3761 1350 3848; baseline 0.003 -24"><span class='ocrx_word' id='word_1_189' title='bbox 396 3761 470 3824; x_wconf 93' lang='lat' dir='ltr'><strong>Hoc</strong></span> <span class='ocrx_word' id='word_1_190' title='bbox 499 3774 607 3825; x_wconf 91' lang='lat' dir='ltr'><strong>autem</strong></span> <span class='ocrx_word' id='word_1_191' title='bbox 637 3761 771 3844; x_wconf 86' lang='lat' dir='ltr'><strong>contigit</strong></span> <span class='ocrx_word' id='word_1_192' title='bbox 802 3783 903 3848; x_wconf 92' lang='lat' dir='ltr'><strong>quum</strong></span> <span class='ocrx_word' id='word_1_193' title='bbox 936 3766 996 3826; x_wconf 91' lang='lat' dir='ltr'><strong>sub</strong></span> <span class='ocrx_word' id='word_1_194' title='bbox 1026 3761 1207 3826; x_wconf 89' lang='lat' dir='ltr'><strong>discrimine</strong></span> <span class='ocrx_word' id='word_1_195' title='bbox 1237 3762 1350 3847; x_wconf 85' lang='lat' dir='ltr'><strong>capitis</strong></span> 
     </span>
     <span class='ocr_line' id='line_1_30' title="bbox 395 3861 1349 3940; baseline 0.003 -16"><span class='ocrx_word' id='word_1_196' title='bbox 395 3862 549 3933; x_wconf 87' lang='lat' dir='ltr'><strong>adversus</strong></span> <span class='ocrx_word' id='word_1_197' title='bbox 578 3861 831 3927; x_wconf 87' lang='lat' dir='ltr'><strong>archidiaconum</strong></span> <span class='ocrx_word' id='word_1_198' title='bbox 864 3884 957 3927; x_wconf 90' lang='lat' dir='ltr'><strong>suum</strong></span> <span class='ocrx_word' id='word_1_199' title='bbox 988 3863 1020 3926; x_wconf 92' lang='lat' dir='ltr'><strong>in</strong></span> <span class='ocrx_word' id='word_1_200' title='bbox 1050 3885 1175 3927; x_wconf 92' lang='lat' dir='ltr'><strong>summo</strong></span> <span class='ocrx_word' id='word_1_201' title='bbox 1209 3863 1349 3940; x_wconf 82' lang='lat' dir='ltr'><strong>honoris,</strong></span> 
     </span>
     <span class='ocr_line' id='line_1_31' title="bbox 396 3960 1352 4053; baseline 0.005 -26"><span class='ocrx_word' id='word_1_202' title='bbox 396 3977 426 4027; x_wconf 88' lang='lat' dir='ltr'><strong>et</strong></span> <span class='ocrx_word' id='word_1_203' title='bbox 439 3960 533 4027; x_wconf 85' lang='lat' dir='ltr'><strong>famae</strong></span> <span class='ocrx_word' id='word_1_204' title='bbox 548 3962 690 4048; x_wconf 90' lang='lat' dir='ltr'><strong>periculo</strong></span> <span class='ocrx_word' id='word_1_205' title='bbox 701 3963 876 4029; x_wconf 89' lang='lat' dir='ltr'><strong>dimicaret.</strong></span> <span class='ocrx_word' id='word_1_206' title='bbox 916 3965 1085 4048; x_wconf 86' lang='lat' dir='ltr'><strong>Urgebant</strong></span> <span class='ocrx_word' id='word_1_207' title='bbox 1101 3964 1185 4030; x_wconf 88' lang='lat' dir='ltr'><strong>mala</strong></span> <span class='ocrx_word' id='word_1_208' title='bbox 1197 3966 1352 4053; x_wconf 91' lang='lat' dir='ltr'><strong>undique,</strong></span> 
     </span>
     <span class='ocr_line' id='line_1_32' title="bbox 397 4063 1352 4153; baseline 0.006 -27"><span class='ocrx_word' id='word_1_209' title='bbox 397 4063 470 4133; x_wconf 87' lang='lat' dir='ltr'><strong>hinc</strong></span> <span class='ocrx_word' id='word_1_210' title='bbox 485 4063 657 4128; x_wconf 88' lang='lat' dir='ltr'><strong>auctoritas</strong></span> <span class='ocrx_word' id='word_1_211' title='bbox 671 4065 854 4151; x_wconf 86' lang='lat' dir='ltr'><strong>apostolica,</strong></span> <span class='ocrx_word' id='word_1_212' title='bbox 871 4065 944 4130; x_wconf 89' lang='lat' dir='ltr'><strong>inde</strong></span> <span class='ocrx_word' id='word_1_213' title='bbox 959 4067 1107 4153; x_wconf 89' lang='lat' dir='ltr'><strong>majestas</strong></span> <span class='ocrx_word' id='word_1_214' title='bbox 1122 4064 1215 4152; x_wconf 78' lang='lat' dir='ltr'><strong>regis.</strong></span> <span class='ocrx_word' id='word_1_215' title='bbox 1263 4071 1352 4134; x_wconf 88' lang='lat' dir='ltr'><strong>Alte-</strong></span> 
     </span>
     <span class='ocr_line' id='line_1_33' title="bbox 398 4163 1353 4253; baseline 0.006 -27"><span class='ocrx_word' id='word_1_216' title='bbox 398 4185 480 4238; x_wconf 88' lang='lat' dir='ltr'><strong>rum,</strong></span> <span class='ocrx_word' id='word_1_217' title='bbox 509 4164 660 4248; x_wconf 85' lang='lat' dir='ltr'><strong>potestati</strong></span> <span class='ocrx_word' id='word_1_218' title='bbox 685 4163 829 4233; x_wconf 87' lang='lat' dir='ltr'><strong>faventes</strong></span> <span class='ocrx_word' id='word_1_219' title='bbox 854 4165 1002 4249; x_wconf 88' lang='lat' dir='ltr'><strong>sanguini</strong></span> <span class='ocrx_word' id='word_1_220' title='bbox 1032 4167 1101 4253; x_wconf 89' lang='lat' dir='ltr'><strong>ejus</strong></span> <span class='ocrx_word' id='word_1_221' title='bbox 1127 4166 1270 4253; x_wconf 92' lang='lat' dir='ltr'><strong>undique</strong></span> <span class='ocrx_word' id='word_1_222' title='bbox 1295 4169 1353 4232; x_wconf 92' lang='lat' dir='ltr'><strong>im-</strong></span> 
     </span>
    </p>
   </div>
   <div class='ocr_carea' id='block_1_8' title="bbox 397 4265 1357 4536">
    <p class='ocr_par' dir='ltr' id='par_1_8' title="bbox 397 4265 1357 4536">
     <span class='ocr_line' id='line_1_34' title="bbox 397 4265 1353 4352; baseline 0.003 -23"><span class='ocrx_word' id='word_1_223' title='bbox 397 4265 573 4344; x_wconf 86' lang='lat' dir='ltr'><strong>minebant,</strong></span> <span class='ocrx_word' id='word_1_224' title='bbox 604 4275 647 4342; x_wconf 83' lang='lat' dir='ltr'><strong>et,</strong></span> <span class='ocrx_word' id='word_1_225' title='bbox 676 4265 762 4350; x_wconf 88' lang='lat' dir='ltr'><strong>quod</strong></span> <span class='ocrx_word' id='word_1_226' title='bbox 793 4266 1001 4352; x_wconf 90' lang='lat' dir='ltr'><strong>perniciosius</strong></span> <span class='ocrx_word' id='word_1_227' title='bbox 1031 4269 1211 4352; x_wconf 83' lang='lat' dir='ltr'><strong>reputabat,</strong></span> <span class='ocrx_word' id='word_1_228' title='bbox 1234 4268 1353 4334; x_wconf 90' lang='lat' dir='ltr'><strong>inimici</strong></span> 
     </span>
     <span class='ocr_line' id='line_1_35' title="bbox 401 4365 1357 4457; baseline 0.007 -29"><span class='ocrx_word' id='word_1_229' title='bbox 401 4365 540 4432; x_wconf 90' lang='lat' dir='ltr'><strong>hominis</strong></span> <span class='ocrx_word' id='word_1_230' title='bbox 554 4366 723 4431; x_wconf 90' lang='lat' dir='ltr'><strong>domestici</strong></span> <span class='ocrx_word' id='word_1_231' title='bbox 738 4368 818 4453; x_wconf 85' lang='lat' dir='ltr'><strong>ejus.</strong></span> <span class='ocrx_word' id='word_1_232' title='bbox 863 4368 1050 4438; x_wconf 86' lang='lat' dir='ltr'><strong>Amicorum</strong></span> <span class='ocrx_word' id='word_1_233' title='bbox 1074 4383 1150 4433; x_wconf 92' lang='lat' dir='ltr'><strong>tunc</strong></span> <span class='ocrx_word' id='word_1_234' title='bbox 1174 4371 1357 4457; x_wconf 85' lang='lat' dir='ltr'><strong>imploravit</strong></span> 
     </span>
     <span class='ocr_line' id='line_1_36' title="bbox 850 4476 906 4536; baseline -0.071 0"><span class='ocrx_word' id='word_1_235' title='bbox 850 4476 906 4536; x_wconf 68' lang='lat' dir='ltr'><strong>DQ</strong></span> 
     </span>
    </p>
   </div>
   <div class='ocr_carea' id='block_1_9' title="bbox 0 0 1868 5475">
    <p class='ocr_par' dir='ltr' id='par_1_9' title="bbox 0 0 1868 5475">
     <span class='ocr_line' id='line_1_37' title="bbox 0 0 1868 5475; baseline 0 0"><span class='ocrx_word' id='word_1_236' title='bbox 0 0 1868 5475; x_wconf 95' lang='lat' dir='ltr'><strong> </strong></span> 
     </span>
    </p>
   </div>
  </div>
 </body>
</html>
