3667 5475
361 709 429 768 382
619 717 755 764 soranis
770 715 1045 763 mansurarnrus
1223 703 1269 783 [r.
1286 725 1319 771 n.

361 873 516 959 seqnitur,
536 871 592 935 sed
615 872 647 934 in
672 870 820 954 acquitate
838 868 999 954 judicabit
1020 873 1132 935 orbem
1155 883 1322 953 terrarum,

360 984 393 1038 et
420 995 479 1058 pro
506 973 682 1035 mansuetis
712 971 933 1035 condemnans
963 971 1092 1053 impios,
1120 975 1318 1055 potentiores

359 1074 522 1157 potentius
543 1074 646 1156 punit,
661 1082 695 1136 et
715 1072 905 1156 pervertitur
928 1092 1000 1134 cum
1023 1074 1190 1155 perversis
1237 1074 1319 1139 Inde

359 1184 419 1252 est,
429 1174 517 1258 quod
533 1174 736 1237 affectuosius
751 1182 838 1256 peto,
853 1182 1012 1254 quatenus
1027 1172 1199 1236 instantius
1215 1174 1324 1253 agatis

360 1274 449 1360 quod
471 1275 577 1356 agitis,
599 1273 750 1347 dicendo,
773 1271 957 1349 scribendo,
980 1273 1140 1351 faciendo,
1164 1274 1252 1357 quod
1275 1275 1317 1338 ad

361 1377 604 1441 evacuationem
634 1375 815 1439 schismatis
843 1394 901 1458 per
932 1374 1082 1437 collatam
1111 1375 1203 1438 vobis
1232 1375 1316 1459 sapi-

359 1478 479 1541 entiam
497 1499 517 1541 a
538 1478 680 1541 Domino
702 1475 916 1557 cognoveritis
938 1475 1107 1558 pertinere,
1126 1486 1164 1538 ut
1186 1485 1220 1538 et
1240 1497 1319 1540 con·

359 1578 496 1643 scientia
517 1578 559 1643 sit
584 1580 681 1641 tutior
703 1576 789 1660 apud
818 1577 938 1653 Deum,
961 1589 993 1639 et
1018 1575 1105 1660 apud
1130 1577 1322 1659 proximum

360 1681 444 1744 sama
458 1680 643 1764 plenissime
659 1679 874 1743 convalescat.

402 1782 455 1843 De
481 1788 598 1843 caetero
621 1778 669 1855 (ut
691 1799 734 1841 ex
758 1776 958 1841 conscientia
980 1778 1103 1861 loquar)
1129 1777 1170 1840 de
1193 1778 1320 1843 (lautu.

360 1881 478 1947 ariensi
492 1891 524 1944 et
539 1881 604 1943 suis
620 1880 772 1963 injustam
788 1877 968 1961 concepisti
983 1878 1218 1961 suspicionem:
1242 1881 1319 1964 quia

361 1984 526 2067 (quantum
556 1981 754 2065 perpendere
784 1980 887 2063 potui)
919 1990 952 2041 et
982 1978 1021 2042 de
1046 1982 1103 2042 illo
1129 1990 1162 2043 et
1188 1970 1229 2044 de
1255 1982 1320 2045 illis

360 2085 490 2166 plenam
504 2084 536 2144 in
559 2084 689 2145 caritate
713 2081 838 2144 debetis
860 2080 1004 2143 obtinere
1028 2080 1192 2145 fiduciam.
1238 2084 1315 2145 Non

360 2203 435 2265 ergo
456 2183 521 2244 illis
543 2182 708 2264 imputetis
730 2180 985 2261 indignationem
1008 2183 1091 2263 regis
1113 2184 1322 2262 Francorum,

360 2283 417 2347 sed
440 2282 542 2361 vobis,
566 2282 623 2365 qui
648 2282 718 2346 sine
745 2283 947 2346 conscientia
973 2284 1042 2365 ejus
1068 2283 1254 2361 recessistis,
1281 2296 1317 2347 ut

360 2383 576 2467 conqueritur,
598 2382 669 2465 ipso
691 2402 791 2465 prope
813 2383 980 2444 transitum
997 2395 1133 2446 vestrum
1158 2383 1321 2453 existente

359 2483 399 2547 ad
415 2483 495 2546 duas
509 2484 629 2564 leugas.
666 2483 782 2567 quue
797 2483 899 2563 magis
915 2494 1021 2546 motus
1036 2494 1095 2561 est,
1111 2484 1200 2568 quod
1216 2507 1318 2569 quum

359 2607 417 2649 vos
431 2585 578 2651 habuerit
599 2584 890 2661 familiarissimum,
906 2584 954 2645 sic
977 2586 1136 2649 transistis
1158 2588 1251 2670 quasi
1273 2586 1316 2649 ad

360 2689 492 2774 aemulos
521 2687 609 2768 regni
635 2687 841 2763 Francorum,
867 2696 898 2748 et
922 2687 1109 2750 nominatim
1139 2687 1181 2750 ad
1211 2689 1317 2752 sohis-.

359 2789 512 2851 malicum
527 2787 765 2864 Colonieusem,
781 2787 915 2869 quinon
930 2787 1028 2850 modo
1049 2788 1233 2852 Ecclesiam
1249 2790 1314 2852 Dei

358 2889 570 2972 persequitur,
600 2888 657 2950 sed
695 2896 727 2951 et
756 2889 873 2970 ipsum,
905 2900 940 2950 ut
970 2888 1102 2965 audivit,
1132 2891 1319 2972 impudenti·

359 2991 547 3052 scurrilitate
574 2991 740 3052 verborum
768 2989 933 3051 cousuevit
959 2992 1104 3070 regulum
1130 2993 1295 3072 appellare
1305 3014 1315 3058 :⁴

359 3089 427 3166 sed,
443 3111 540 3173 quum
557 3091 647 3152 robis
662 3091 696 3152 id
712 3090 801 3153 cordi
817 3091 920 3168 fuerit,
932 3091 1163 3170 benignitatem
1179 3092 1317 3157 christi..

359 3189 501 3253 anissimi
517 3192 673 3272 principis
690 3192 781 3252 vobis
796 3193 989 3272 placabilem
1006 3193 1071 3257 fore
1087 3216 1151 3256 non
1168 3194 1296 3268 dubito,

358 3503 579 3566 EPlSTOLA
604 3502 793 3566 CXC-au
810 3525 888 3567 niro.
907 3525 1098 3569 u‘ncruuuu
1116 3526 1158 3569 uu
1175 3525 1306 3570 insuar.

732 3604 815 3681 [au
835 3607 943 3684 1166]

566 3755 728 3835 Magistro
746 3757 900 3819 Guoltero
915 3759 953 3819 de
969 3760 1096 3821 Insula.

401 3897 659 3958 Paouuuuaaar
686 3895 817 3980 quidem
845 3896 1052 3960 humanitatis
1076 3913 1191 3962 vestrae
1222 3899 1312 3963 scdu-

358 3993 440 4065 litas‚
479 4005 510 4056 ct
552 3995 706 4058 exhibitio
744 3997 988 4080 promptissimae
1025 3998 1237 4075 liberalitatis,
1278 4012 1306 4062 ut

358 4115 482 4156 omnem
499 4093 589 4154 vobis
612 4107 669 4157 aut
686 4097 796 4160 vestris
818 4100 1016 4182 obsequendi
1039 4103 1297 4185 opportunitates

359 4207 518 4278 gratanter
533 4195 718 4278 arriperem:
742 4211 783 4276 et,
797 4199 821 4260 si
834 4200 895 4261 alio
911 4201 1006 4262 modo
1022 4225 1189 4286 nequeam,
1204 4203 1289 4267 salter

358 4297 534 4362 devotionis
551 4318 627 4358 mrae
652 4299 860 4361 sinceritatcm
885 4301 1085 4366 salutationis
1104 4304 1227 4387 judicio
1244 4327 1281 4388 pr
