3667 5475
503 787 563 846 144
757 798 892 842 ioannis
908 800 1184 845 sannsnaninusn
1361 782 1407 860 [a.
1425 802 1458 846 n.

499 954 682 1015 Autumnus
701 963 805 1018 exeat.
828 950 971 1014 visitabo.
1004 955 1054 1015 De
1077 949 1278 1026 liberalitate,
1301 972 1399 1036 qnam
1423 948 1458 1014 in

496 1050 626 1115 fratrem
643 1073 747 1115 meum
762 1051 961 1131 exercuistis,
974 1075 1056 1138 quas
1071 1074 1213 1138 possum,
1229 1052 1320 1116 robis
1334 1053 1458 1137 gratias

497 1154 610 1216 refero.
655 1152 862 1216 Carissimum
878 1164 985 1216 autem
1002 1168 1159 1229 nostrum,
1177 1156 1230 1231 T,
1245 1154 1456 1239 propositum

498 1267 653 1332 vestrum,
668 1254 794 1317 nomine
815 1276 885 1317 meo
904 1255 1120 1339 persalutate,
1151 1256 1202 1320 his
1221 1276 1352 1342 quoque
1373 1254 1459 1318 salu-

496 1354 571 1418 tatis
588 1358 717 1440 quivos
737 1355 887 1440 diligunt,
902 1370 937 1420 et
952 1378 1002 1419 me
1023 1366 1191 1431 noverunt,
1206 1380 1287 1443 quos
1309 1354 1369 1419 etsi
1389 1377 1454 1419 non

494 1468 591 1520 carta>
606 1457 757 1530 brevitas,
772 1455 887 1522 mentis
903 1473 1008 1521 tamen
1023 1456 1248 1543 complectitur
1264 1456 1414 1523 latitudo.

520 1878 744 1941 EPISTOLA
767 1876 996 1940 xcvii-m
1012 1894 1165 1941 nnnnnn.
1191 1876 1238 1957 [n.
1255 1896 1286 1941 n.
1307 1880 1418 1960 nna]

867 2035 922 2099 Aa
934 2035 1080 2099 madent

536 2170 578 2231 In
591 2166 732 2230 adventu
748 2167 852 2231 nuntii
878 2167 975 2229 vestri
989 2166 1030 2230 ad
1047 2189 1104 2229 nos
1124 2168 1313 2232 serenissimi
1328 2168 1449 2235 domini

492 2272 591 2333 nostri
606 2272 692 2353 regis
704 2268 895 2353 Anglorum,
906 2273 964 2354 qui
980 2269 1021 2331 ad
1037 2269 1183 2354 Alpinos,
1195 2282 1227 2334 et
1244 2270 1452 2357 subAlpinos

493 2370 641 2434 Britones
665 2368 828 2453 profectus
856 2382 903 2434 est
930 2370 1174 2455 expugnandos,
1201 2370 1364 2454 expeditio
1392 2394 1451 2437 nos

492 2472 620 2537 tenebat
642 2483 812 2556 occupatos
835 2470 966 2555 quidem
990 2471 1090 2536 totins
1112 2473 1202 2557 regni
1224 2473 1373 2555 negotiis,
1390 2474 1448 2538 sed

491 2573 652 2661 proecipue
668 2571 819 2635 sollicitos
838 2574 870 2634 in
886 2571 1031 2636 custodia
1046 2571 1179 2637 illustris
1197 2576 1315 2657 reginae
1330 2576 1451 2660 Anglo-

491 2700 563 2743 rum
589 2692 621 2742 et
644 2675 815 2740 liberorum
840 2674 960 2738 domini
985 2674 1079 2758 regns,
1103 2675 1162 2760 qui
1187 2674 1347 2742 commissi
1371 2690 1447 2743 sunt

490 2781 565 2847 fidei
591 2779 711 2844 domini
736 2775 985 2852 Cantuariensis,
1008 2799 1028 2839 a
1052 2779 1146 2862 cnjus
1171 2801 1231 2863 ego
1257 2777 1357 2843 latere
1381 2802 1445 2844 non

490 2881 621 2945 recedo:
650 2878 723 2941 inde
742 2877 852 2962 utique
873 2888 910 2938 ut
931 2875 1133 2938 eminentiam
1155 2889 1294 2940 vestram
1317 2899 1374 2940 nec
1388 2900 1445 2963 per

489 2983 640 3046 nuncium
657 3003 761 3045 meum
780 2993 843 3043 tam
860 2977 924 3041 cito
939 2979 1098 3062 potuerim
1116 2977 1252 3043 visitare.
1285 2981 1446 3045 Caeterum

489 3084 569 3170 qnid
588 3083 706 3148 doloris
728 3096 760 3144 et
782 3080 927 3143 moeroris
950 3080 1064 3143 animae
1087 3102 1165 3143 meae
1187 3080 1319 3146 nuntius
1341 3095 1447 3147 vester

489 3185 643 3264 attulerit,
659 3182 797 3268 prudens
811 3193 842 3244 et
859 3181 958 3243 sciens
975 3194 1074 3257 taceo,
1090 3203 1141 3252 ne,
1156 3181 1180 3243 si
1197 3203 1291 3266 snper
1305 3182 1447 3254 dolorem

488 3284 655 3348 vulnerum
668 3295 857 3355 vestrorum,
868 3302 971 3343 meum
983 3303 1113 3366 qnoque
1123 3280 1287 3360 addidero,
1298 3283 1447 3367 ampliori

489 3385 620 3450 tristitia
630 3381 871 3458 absorbeamini,
884 3404 987 3466 quum
1000 3383 1106 3445 sancia
1118 3405 1205 3447 mens
1216 3384 1445 3462 recordatione,

488 3485 605 3549 nedum
621 3483 828 3549 inundatione
847 3483 987 3548 tristium
1010 3483 1187 3548 exulcerari
1208 3485 1306 3549 soleat
1326 3485 1446 3571 potius,

488 3612 586 3678 quam
600 3587 712 3653 foveri.
750 3586 912 3651 Malorum
929 3586 1061 3673 quidem
1079 3587 1256 3651 meminisse
1266 3587 1373 3673 juvat,
1388 3588 1444 3652 sed

487 3715 588 3780 quum
605 3690 828 3778 praeterierint,
839 3702 915 3753 tunc
931 3689 1059 3753 demum
1071 3689 1174 3774 placet
1189 3689 1287 3753 fuisse
1304 3702 1444 3776 prostra-

488 3790 1024 3880 tum‚quumf0rtiorpraevalueris.
1042 3789 1198 3854 Miserum
1208 3812 1337 3877 quoque
1346 3791 1445 3855 fuisse

482 3893 664 3978 jucundum
680 3906 740 3969 est,
757 3893 811 3955 sed
823 3892 892 3978 jam
907 3890 949 3954 de
961 3887 1113 3952 felicitate
1123 3889 1289 3974 gaudenti.
1322 3890 1384 3970 Sic,
1398 3891 1443 3954 sic

485 3994 652 4057 infortunii
662 4006 754 4076 grata
763 4005 810 4057 est
823 3991 1010 4067 recordatio,
1021 3989 1074 4054 sed
1087 4012 1186 4075 quum
1195 3991 1236 4053 de
1245 3990 1386 4054 fortunae
1396 3990 1445 4054 in·

481 4092 570 4177 juria
585 4094 802 4178 triumpharis.
844 4095 923 4170 Quis
939 4094 1056 4156 aedium
1074 4115 1205 4156 suarum
1221 4091 1344 4156 ruinam
1361 4091 1444 4157 laetis

487 4193 587 4258 oculis
599 4194 732 4278 aspicit?
756 4195 828 4276 quis
840 4193 956 4257 domus
966 4217 1032 4258 suae
1044 4193 1210 4280 flagrantis
1221 4209 1278 4258 aut
1290 4195 1443 4260 fumantis

486 4293 915 4359 incendialibensintuetur?
938 4296 1087 4372 Proinde,
1098 4296 1141 4360 mi
1151 4296 1441 4376 carissime‚atanti

487 4398 630 4463 moeroris
639 4399 789 4461 memoria
797 4399 937 4460 animum
945 4397 1064 4481 pariter
1072 4398 1238 4485 paululum
1248 4412 1441 4479 avertamus,
