3667 5475
500 795 563 853 308
756 806 893 850 Jornnrs
910 804 1193 849 ssuusunnnrnsrs
1366 791 1412 871 [a.
1428 810 1458 851 n.

503 962 599 1025 briter
613 960 781 1032 exhibens,
799 958 1001 1021 clementiam
1024 958 1089 1021 Dei
1108 969 1140 1021 et
1162 958 1302 1039 gratiam.
1317 960 1462 1043 Prophe·

502 1066 555 1128 tire
569 1061 723 1145 patientia
736 1062 834 1141 longa
850 1062 1032 1141 promeruit

546 1162 643 1227 Unde
658 1161 862 1225 commodum
886 1155 1028 1239 arbitror,
1042 1175 1078 1225 ut
1099 1164 1126 1226 si
1142 1164 1242 1228 chaos
1265 1163 1355 1247 quod
1376 1165 1460 1227 iuter

500 1283 571 1340 nos,
599 1275 631 1327 et
656 1264 791 1346 patriam
820 1273 961 1325 nostram
983 1264 1149 1329 'firmatum
1180 1276 1240 1342 est,
1267 1266 1460 1349 permiserit,

499 1367 583 1429 hanc
613 1364 779 1448 epistolam
808 1372 943 1425 vestram
974 1363 1015 1427 ad
1045 1365 1189 1447 singulos
1224 1366 1395 1449 episcopos
1424 1377 1458 1430 et

499 1466 693 1530 celebriores
714 1465 865 1527 ecclesias
887 1465 1120 1541 transmittatis,
1142 1475 1178 1528 ut
1200 1466 1385 1529 nutantium
1406 1465 1458 1528 fir-

497 1568 591 1630 metis
612 1565 721 1643 fidem,
736 1576 769 1628 et
790 1564 933 1627 omnium
951 1566 1133 1648 provocetis
1155 1568 1321 1647 affectum,
1336 1569 1456 1631 crebris

498 1668 593 1732 etiam
617 1664 904 1750 scriptitationibus
930 1665 1073 1745 singulos
1089 1667 1260 1750 episcopos
1284 1668 1318 1730 in
1344 1670 1458 1751 spiritu

499 1767 764 1843 mansuetudinis,
782 1777 815 1829 et
835 1767 978 1830 lenitatis
1001 1765 1189 1846 sollicitetis,
1203 1779 1240 1832 ut
1262 1768 1396 1834 redeant
1417 1769 1458 1833 ad

498 1893 564 1945 cor,
585 1881 618 1933 et
638 1868 839 1933 meminerint
860 1867 1054 1932 conditionis
1076 1890 1160 1931 suae:
1192 1877 1224 1932 et
1245 1870 1278 1932 iu
1302 1872 1454 1934 omnibus

498 1971 701 2057 provideatis,
722 1991 764 2033 ne
791 1969 869 2052 quid
891 1978 1028 2033 restrum
1053 1970 1242 2053 arrogantiae
1264 1981 1320 2035 aut
1341 1972 1455 2035 immo·

497 2071 671 2136 deratiouis
691 2069 869 2155 praetendat
882 2070 1067 2151 imaginem.
1112 2069 1165 2133 Ad
1188 2070 1259 2134 baec
1284 2073 1400 2155 accepi
1415 2074 1455 2135 ab

495 2173 545 2236 bis
560 2174 616 2255 qui
629 2171 898 2234 Herefordeusem
909 2172 1097 2255 episcopum
1114 2194 1148 2235 se
1159 2172 1345 2239 familiarius
1357 2195 1452 2237 nosse

495 2274 617 2349 dicunt,
632 2272 719 2355 quod
735 2272 809 2334 dum
827 2283 1001 2336 versaretur
1015 2274 1048 2335 iu
1066 2273 1196 2351 scholis,
1212 2274 1319 2337 laudis
1339 2296 1454 2338 avarus

496 2385 574 2449 erat,
590 2386 622 2437 et
637 2383 743 2436 tantus
762 2384 883 2437 amator
904 2376 1023 2456 gloria,
1040 2385 1178 2458 quantus
1201 2376 1349 2460 pecuniae
1366 2377 1454 2440 ride·

497 2479 590 2542 batnr
615 2498 684 2540 esse
711 2486 921 2560 contemptor.
967 2477 1102 2539 Putatur
1124 2477 1233 2562 itaque
1258 2477 1346 2562 quod
1372 2478 1455 2541 nihil

497 2580 589 2641 illum
615 2578 719 2659 magis
744 2598 869 2640 movere
892 2585 1014 2661 posset,
1037 2599 1134 2660 quam
1160 2580 1187 2642 si
1213 2600 1288 2641 eum
1311 2580 1456 2661 magistri

499 2682 691 2756 scholarum,
706 2691 739 2743 et
756 2679 814 2742 viri
836 2678 987 2761 religiosi,
1003 2690 1113 2762 utpote
1136 2680 1227 2744 Prior
1249 2681 1362 2746 Sancti
1377 2682 1452 2746 Vic-

497 2785 585 2862 toris,
601 2793 633 2846 et
655 2783 784 2858 similes,
802 2802 884 2864 quos
906 2781 941 2843 in
964 2782 1072 2846 Gallia
1093 2783 1264 2846 familiares
1287 2784 1453 2863 habuerat,

498 2886 676 2950 socordiam
703 2884 782 2967 ejus,
804 2883 858 2967 qui
885 2886 1073 2966 sperabatur
1094 2885 1317 2967 redempturus
1343 2889 1455 2964 lsrael,

500 2988 567 3052 suis
581 2987 680 3050 literis
696 2986 875 3048 excitarent
889 2997 922 3048 et
945 2986 1129 3065 animarent,
1144 2998 1180 3049 ut
1194 3008 1280 3050 nunc
1304 2988 1455 3052 ostendat

489 3089 696 3171 episcopum,
727 3107 820 3168 quem
850 3086 884 3146 in
914 3086 1043 3148 scholas
1073 3085 1244 3169 depingere
1275 3087 1454 3166 consuerit,

498 3202 531 3253 at
546 3213 564 3253 a
579 3212 612 3253 se
624 3189 808 3271 propellens
820 3188 896 3249 vitia
908 3209 980 3271 quae
993 3189 1027 3248 in
1040 3188 1110 3250 aliis
1125 3190 1289 3269 arguebat,
1302 3189 1451 3253 amissam

496 3289 630 3351 redimat
651 3288 778 3348 famam.
832 3286 924 3348 Idem
951 3289 1045 3351 etiam
1069 3288 1110 3350 de
1133 3289 1350 3369 Wigorniensi
1374 3312 1452 3354 con·

497 3389 619 3462 salitur,
638 3408 697 3466 ego
720 3395 825 3448 tamen
848 3408 907 3451 uec
933 3389 972 3452 de
994 3390 1075 3471 ipsis
1097 3392 1181 3453 bene
1204 3410 1304 3472 spere,
1319 3411 1383 3453 nec
1408 3391 1449 3455 de

496 3511 570 3572 rege
593 3489 797 3565 Francorum,
814 3490 912 3573 quod,
928 3491 1011 3553 sicut
1031 3507 1155 3567 caetera,
1171 3492 1204 3552 in
1227 3511 1301 3554 aure
1324 3489 1448 3556 dictum

498 3595 548 3671 sit,
564 3613 663 3676 quum
687 3592 727 3654 ad
743 3613 898 3675 supremae
914 3593 1114 3655 necessitatis
1129 3593 1298 3656 articulum
1318 3605 1447 3657 ventum

494 3696 596 3772 suerit,
608 3713 766 3776 praesumo
782 3714 878 3775 supra
891 3691 1033 3768 modum,
1044 3714 1103 3755 nec
1120 3693 1159 3756 de
1174 3694 1313 3757 ecclesia
1327 3697 1447 3757 Roma·

494 3819 546 3873 na,
572 3796 663 3879 cujus
689 3815 793 3856 mores
823 3804 855 3856 et
879 3794 1087 3857 necessitates
1113 3795 1207 3857 nobis
1231 3795 1447 3872 innotuerunt,

494 3901 629 3961 multum
645 3895 786 3958 confido.
832 3897 954 3979 Utique
976 3895 1127 3959 dominus
1149 3918 1234 3979 papa
1249 3899 1296 3960 vir
1318 3910 1447 3962 sanctus

493 4010 525 4060 et
541 4000 648 4080 justus
671 4008 728 4074 est,
747 4009 778 4060 et
801 3998 966 4060 dominum
988 3998 1166 4073 Albertum,
1188 4009 1222 4061 nt
1245 4021 1265 4062 a
1286 4001 1445 4083 plerisque

494 4098 621 4172 dicitur,
635 4099 825 4160 imitatorem
841 4098 948 4175 habet,
964 4097 1021 4160 sed
1035 4097 1105 4180 ejus
1128 4109 1202 4161 sunt
1223 4108 1271 4162 tet
1293 4108 1326 4161 et
1347 4110 1445 4164 tantae

491 4195 707 4269 necessitates,
719 4208 808 4260 tanta
823 4199 957 4261 aviditas
973 4210 1004 4262 et
1013 4200 1200 4281 improbitas
1215 4202 1445 4278 Romanorum,

484 4312 519 4364 ut
541 4297 700 4360 interdum
729 4309 833 4361 utatur
861 4301 992 4363 licentia
1018 4301 1197 4384 potestatis,
1220 4314 1444 4389 procuretque,

481 4425 522 4466 ex
551 4398 802 4484 dispensatione,
819 4399 906 4482 quod
930 4401 1116 4484 reipublicae
1144 4402 1259 4466 dicitur
1280 4405 1443 4487 expedire,
