3667 5475
487 779 550 838 800
743 787 881 834 roasurs
896 786 1175 834 sannanamausrs
1355 768 1400 849 [a.
1417 790 1446 833 n.

488 964 562 1008 oum
577 965 651 1006 nam
671 963 756 1023 rege,
771 955 803 1005 et
825 954 890 1004 tam
912 940 984 1014 isto,
1002 959 1097 1023 quarn
1121 938 1194 1002 aliis
1216 938 1366 1003 omnibus
1389 962 1445 1003 ex·

488 1043 731 1131 communicatis
747 1044 810 1105 sint
825 1042 926 1125 aliqui
940 1040 996 1103 viri
1012 1040 1162 1104 timentes
1185 1040 1375 1115 Dominum,
1392 1043 1447 1125 qui

488 1163 545 1207 eos
560 1144 754 1207 familiariter
769 1153 802 1207 et
816 1143 921 1205 amice
936 1151 1077 1204 statuant
1091 1152 1202 1205 contra
1216 1142 1330 1205 faciem
1346 1163 1447 1221 suam,

487 1258 520 1308 et
534 1256 683 1306 revocent
696 1247 737 1308 ab
753 1244 970 1326 impietatibus
982 1243 1057 1305 suis.
1095 1241 1190 1317 Quod
1206 1243 1233 1305 si
1248 1242 1302 1305 ille
1317 1253 1361 1320 te,
1373 1244 1448 1327 quia

491 1344 693 1409 Christianus
707 1368 752 1422 es,
769 1366 881 1409 vocare
901 1344 1067 1421 destiterit,
1083 1344 1241 1420 Christus,
1256 1364 1353 1426 quem
1368 1345 1402 1407 in
1418 1354 1449 1409 te

489 1446 570 1520 odit,
597 1445 800 1530 dispendium
827 1447 890 1509 hoo
916 1442 1068 1509 facillime
1099 1454 1131 1507 et
1159 1445 1355 1523 felicissime,
1383 1446 1445 1509 nisi

489 1548 603 1611 merita
627 1559 683 1611 tua
708 1547 917 1631 praepediant,
943 1547 1061 1630 poterit
1086 1567 1307 1628 compensare.
1354 1546 1447 1611 Salus

490 1649 577 1712 enim
588 1650 748 1733 justorum
763 1646 941 1725 a,Domino
953 1659 1012 1722 est,
1024 1648 1082 1732 qui
1093 1648 1233 1731 protegit
1247 1668 1304 1710 eos
1318 1648 1353 1711 in
1369 1659 1447 1711 tem·

489 1771 567 1832 pore
583 1749 810 1813 tribulationis.

487 1994 710 2061 EPISTOLA
748 1996 1045 2059 CLXXXIL—an
1077 2012 1224 2058 uuonan
1257 2012 1442 2058 caurosnr-

626 2114 738 2159 nusmr
752 2113 1058 2159 aucmnerscoenu.
1083 2092 1128 2176 [A.
1143 2116 1173 2157 o.
1193 2094 1302 2175 true]

692 2236 831 2297 Domino
849 2236 976 2298 llrornae
995 2236 1240 2316 Cantaurierrei.

534 2358 660 2422 Eafere
675 2359 783 2422 omnia
794 2381 865 2443 quar
881 2360 960 2423 mihi
972 2375 1075 2424 restra
1089 2360 1280 2443 significavit
1293 2361 1446 2443 dignatio,

492 2462 576 2523 fama
602 2457 785 2541 divulgante
811 2460 985 2538 audieram,
1010 2461 1066 2525 sed
1092 2461 1281 2525 auctoritate
1306 2465 1447 2528 nominis

494 2562 587 2626 vestri
617 2563 700 2625 lacta
729 2574 804 2626 sunt
833 2563 969 2627 certiora
977 2587 986 2640 3
1024 2584 1063 2627 ea
1093 2585 1168 2644 ergo
1187 2581 1262 2626 'non
1293 2574 1446 2647 tanquam

492 2675 578 2728 certa
601 2664 659 2727 sed
684 2665 771 2727 velut
797 2664 906 2727 audita
929 2685 985 2749 per
1013 2666 1121 2728 literas
1151 2686 1240 2727 ineas
1262 2665 1445 2747 significari

493 2767 622 2829 domino
644 2767 851 2843 Pictaviensi,
866 2766 1001 2851 adjectis
1016 2767 1056 2829 iis
1072 2788 1143 2849 quae
1162 2766 1203 2830 de
1220 2769 1347 2848 Angliae
1361 2779 1446 2834 statu

493 2868 667 2944 audieram,
685 2889 801 2949 rogans
824 2869 976 2931 attentius
991 2876 1027 2930 ut
1041 2868 1133 2931 vobis
1157 2889 1253 2950 super
1273 2868 1344 2932 haec
1369 2893 1446 2934 con·

494 2969 598 3032 silium
630 2969 728 3032 daret.
788 2971 843 3032 Ex
880 2991 943 3053 quo
973 2991 1048 3032 vero
1085 2992 1143 3053 per
1172 2972 1294 3034 litteras
1326 2985 1447 3037 vestras

494 3072 681 3134 certioratus
696 3094 777 3150 sum,
792 3073 879 3135 illico
895 3094 966 3134 cum
988 3072 1100 3134 amicis
1115 3073 1236 3147 restria,
1253 3072 1293 3135 de
1309 3095 1446 3156 quorum

494 3173 673 3235 sinceritate
697 3195 761 3235 non
786 3173 910 3250 dubito,
933 3173 1079 3236 adhibito
1103 3174 1257 3254 Magistro
1282 3175 1445 3258 Philippo,

494 3273 616 3336 contuli
640 3297 734 3357 super
755 3277 885 3354 negotio
901 3286 1018 3349 vestro,
1041 3277 1122 3339 nulli
1143 3287 1248 3339 tamen
1272 3277 1446 3339 ostendens

457 3429 459 3434 .
493 3377 745 3437 transmissarum
771 3378 860 3439 vobis
883 3381 1035 3462 exempla
1061 3380 1244 3441 litterarum.
1288 3378 1332 3442 Et
1354 3378 1444 3451 licet,

492 3489 528 3539 ut
543 3476 816 3560 praescripseratis,
825 3480 1006 3560 singulatim
1020 3482 1224 3544 convenerim
1237 3479 1357 3542 amicos
1368 3500 1444 3542 nos·

493 3587 568 3655 tros,
583 3579 733 3642 abbatem
753 3580 876 3643 scilicet
898 3582 1003 3643 sancti
1026 3582 1176 3662 Remigii,
1199 3591 1232 3643 et
1253 3580 1443 3664 Magistrum

494 3683 670 3745 Falconem
700 3693 732 3746 et
761 3684 950 3764 Magistrum
980 3682 1167 3759 Radulfum,
1197 3703 1309 3745 omnes
1338 3693 1443 3744 tamen

493 3806 560 3846 non
583 3783 680 3846 modo
704 3785 737 3846 in
764 3784 901 3848 eundem
929 3806 1067 3862 sensum,
1094 3785 1150 3847 sed
1175 3785 1240 3846 fere
1267 3784 1301 3845 in
1332 3783 1443 3846 eadem

493 3889 591 3950 verba
613 3897 842 3949 convenerunt.
887 3888 927 3948 In
952 3907 1076 3948 summa
1102 3906 1177 3967 ergo
1203 3886 1313 3947 nullus
1336 3905 1443 3947 eorum

494 3987 641 4049 inventus
663 4000 720 4064 est,
747 3989 802 4069 qui
826 3989 948 4050 domini
973 4009 1066 4070 papae
1092 3988 1229 4051 consilio
1255 3985 1444 4061 adversetur,

495 4107 668 4169 omnesque
689 4090 878 4152 unanimiter
900 4090 1079 4172 approbant
1098 4089 1270 4151 eonsilium
1291 4086 1377 4170 quod
1394 4107 1445 4148 vo·

495 4188 546 4248 bis
569 4185 659 4248 dedit
684 4189 838 4251 Nicolaus
858 4191 1070 4253 xenodochus
1094 4191 1259 4265 Rothom.,
1286 4190 1364 4252 licet
1385 4207 1443 4250 neo

495 4289 535 4351 de
550 4287 673 4366 litteris,
687 4310 748 4352 nec
765 4289 805 4352 de
821 4293 955 4354 consilio
971 4293 1039 4377 ejus
1055 4292 1214 4356 audierint
1227 4290 1359 4375 aliquid.
1389 4291 1443 4353 At·

487 4389 657 4454 tendenda
672 4390 757 4453 enim
773 4400 822 4454 est
835 4393 985 4456 instantia
1002 4394 1165 4477 temporie,
1180 4393 1324 4458 conditio
1340 4394 1443 4456 eccle·
