3667 5475
431 797 472 855 86
692 808 828 853 mamus
844 807 1124 858 suassanmaasts
1298 794 1347 873 [a.
1363 815 1396 860 n.

435 960 476 1024 ad
508 959 761 1045 presbyteratum
792 959 934 1030 accessit,
963 971 1070 1023 votum
1097 961 1302 1027 continentiae
1331 963 1398 1028 dis-

438 1059 586 1125 simulare
607 1081 668 1122 non
690 1072 806 1144 potest,
822 1080 922 1145 quum
942 1058 1022 1123 illud
1046 1077 1103 1125 aut
1123 1085 1323 1147 expressum,
1339 1081 1399 1130 aut

439 1162 586 1237 tacitum,
615 1159 709 1228 etiam
740 1159 945 1230 diaconorum
976 1161 1165 1234 ordinationi
1196 1188 1237 1228 ex
1266 1165 1400 1231 decretu

442 1262 575 1330 Martini
590 1284 683 1349 papae
695 1262 848 1328 doceatur
860 1265 1025 1330 insertum.
1057 1265 1112 1330 Ait
1127 1264 1222 1341 enim,
1234 1266 1401 1335 Diaconus

442 1367 497 1454 qui
531 1364 673 1449 eligitur,
702 1366 729 1429 si
761 1376 958 1434 contestatus
991 1365 1089 1430 fuerit
1122 1388 1182 1453 pro
1213 1368 1402 1456 accipiendo

443 1468 656 1543 matrimonio,
681 1481 714 1534 et
743 1490 776 1532 se
806 1466 923 1532 dixerit
951 1467 982 1536 in
1006 1468 1154 1539 castitate
1179 1491 1309 1536 manere
1336 1493 1401 1538 nou

443 1592 545 1655 posse,
571 1568 623 1633 bic
649 1590 710 1632 uon
736 1566 912 1636 ordinetur.
967 1568 1062 1646 Quod
1090 1570 1116 1633 si
1142 1570 1174 1634 in
1199 1570 1402 1640 ordinatione

442 1671 588 1750 tacuerit,
607 1684 639 1736 et
659 1670 826 1736 ordinatus
844 1669 955 1747 fuerit,
977 1683 1009 1736 et
1033 1685 1143 1756 postea
1162 1672 1402 1743 matrimonium

444 1772 682 1850 desideraverit,
710 1771 751 1842 sit
781 1770 903 1836 alienus
933 1793 952 1835 a
981 1773 1168 1852 ministerio,
1199 1789 1231 1844 nt
1261 1793 1354 1845 vacet
1384 1801 1404 1842 a

444 1874 537 1945 clero.
583 1874 743 1945 Consonat
763 1872 837 1940 huic
852 1884 885 1940 et
900 1876 979 1950 Leo,
996 1874 1076 1941 tuba
1089 1874 1237 1950 coelestis,
1253 1877 1312 1962 qui
1329 1879 1404 1949 sub.

443 1974 630 2045 diaconibus
648 1978 773 2043 carnale
795 1974 957 2041 interdicit
974 1975 1183 2054 connubium,
1199 1989 1231 2045 et
1251 1978 1406 2051 omnibus

444 2076 540 2145 sacris
575 2074 741 2142 ordinibus
779 2074 1019 2142 sincerissimam
1056 2076 1251 2146 castimonia
1288 2079 1404 2148 indicit

444 2178 629 2264 puritatem.
690 2177 798 2245 Erunt
833 2176 936 2261 igitur
972 2178 1006 2242 hi
1043 2192 1201 2265 perpetuo
1237 2182 1405 2268 conjuges,

445 2278 539 2349 etiam
564 2277 713 2362 separati,
736 2290 767 2341 et
791 2281 823 2341 in
847 2277 998 2365 conjugio
1020 2279 1127 2366 positi,
1151 2294 1306 2367 tanquam
1330 2306 1407 2350 con-

441 2381 572 2468 juginm
595 2402 657 2450 non
681 2379 844 2456 habentes,
859 2380 1111 2468 manebuntque,
1127 2397 1253 2452 arcente
1273 2406 1305 2454 se
1329 2397 1408 2454 voto

445 2479 661 2564 continentiae,
686 2484 739 2551 cui
764 2480 898 2566 obligati
925 2494 1010 2557 suut,
1032 2496 1190 2570 perpetuo
1217 2484 1406 2571 singulares

447 2584 542 2664 Quod
558 2585 583 2648 si
598 2584 639 2650 ad
654 2606 736 2669 opus
750 2582 884 2648 carnalis
898 2584 1078 2654 commercii
1095 2585 1179 2652 forte
1200 2585 1366 2675 redierint,
1380 2588 1409 2652 si

448 2685 580 2775 quidem
609 2707 728 2764 secum,
755 2684 822 2751 voti
851 2684 963 2759 fracti3
995 2684 1021 2754 ai
1047 2708 1121 2750 cum
1147 2685 1228 2767 aliia,
1254 2686 1409 2757 adulterii

449 2804 572 2859 reatum
600 2789 773 2857 incurrent.
819 2788 888 2854 Nec
913 2789 946 2853 in
973 2811 1011 2856 eo
1032 2789 1170 2875 juvatur
1197 2791 1411 2877 praesumptio

449 2893 629 2974 sacerdotis,
644 2891 732 2979 quod
747 2891 789 2955 ab
807 2890 878 2976 ipso
894 2889 1137 2976 jusjurandum,
1153 2903 1191 2959 ut
1211 2912 1243 2958 se
1264 2905 1411 2980 tempore

448 2995 602 3067 contracti
623 2991 814 3062 matrimonii
836 2991 1069 3059 subdiaconum
1088 2992 1187 3059 fuisse
1208 2993 1349 3071 doceret,
1367 3016 1409 3058 ex

448 3096 626 3163 abundanti
651 3093 828 3181 accepistis,
852 3117 955 3180 quum
981 3094 1041 3157 hoc
1064 3093 1150 3163 solus
1171 3099 1353 3181 asseruerit,
1376 3109 1410 3161 et

448 3197 654 3286 postmodum
669 3197 702 3260 in
720 3197 888 3281 praeseutia
903 3195 1025 3267 domini
1042 3195 1259 3272 Cicestrensis,
1277 3211 1313 3262 ut
1331 3200 1409 3264 scri·

449 3300 537 3373 bitis,
560 3321 593 3368 se
612 3297 769 3382 dejerasse
788 3294 947 3365 coufessus
968 3297 1026 3370 sitt
1055 3310 1091 3361 ut
1112 3319 1170 3365 nec
1190 3296 1310 3368 dicenti
1331 3299 1414 3367 fides

450 3399 598 3471 habenda
626 3398 678 3475 sit,
705 3421 763 3465 nec
792 3398 934 3483 neganti,
965 3398 1024 3463 nisi
1057 3414 1093 3467 ut
1123 3398 1280 3468 confessio
1309 3400 1413 3489 ipsius

452 3513 562 3572 contra
578 3523 610 3564 se
624 3500 762 3571 eundem
778 3499 913 3571 sufficiat
929 3498 1148 3569 condemnare.
1189 3501 1321 3570 sienim
1337 3502 1415 3569 sub,

452 3603 604 3670 dianonus
625 3615 705 3678 erat,
727 3601 910 3688 puniendus
933 3615 983 3665 est
1005 3615 1205 3687 contemptor
1228 3602 1364 3683 ordinis,
1387 3605 1414 3669 si

429 3707 516 3774 'non
541 3720 621 3783 erat,
644 3727 737 3791 teque
762 3703 951 3790 plectendus
976 3716 1024 3769 est
1046 3703 1225 3789 conjugalis
1246 3703 1321 3775 fidei
1345 3706 1413 3779 vio-

452 3811 546 3890 lator,
556 3831 596 3874 eo
611 3808 741 3894 quidem
757 3805 858 3892 magis
872 3829 939 3891 qun
954 3804 1102 3870 secundis
1117 3806 1290 3891 nuptiis,si
1305 3827 1416 3878 tamen

453 3912 576 3997 nuptiae
598 3921 672 3977 sunt
695 3907 850 3988 dicenda,
871 3928 999 3971 causam
1028 3907 1116 3971 visus
1141 3919 1189 3971 est
1216 3911 1414 3991 prestitisse.

453 4011 503 4081 Ut
525 4010 607 4078 enim
630 4009 675 4073 ait
701 4012 737 4070 B.
763 4009 969 4092 Augustinus
989 4006 1020 4070 in
1045 4007 1128 4072 libro
1150 4006 1190 4069 de
1215 4007 1416 4078 Adulterinia

456 4108 635 4194 conjugiis,
653 4107 686 4173 Si
703 4120 738 4179 tn
753 4107 892 4177 abstines
908 4106 975 4173 sine
991 4109 1099 4179 uxoris
1113 4108 1289 4191 voluntate,
1298 4111 1417 4181 tribuis

455 4209 485 4275 ei
504 4206 680 4281 fornicandi
702 4205 873 4285 licentiam,
889 4223 921 4272 et
943 4225 1112 4294 peccatum
1130 4209 1217 4278 illius
1231 4224 1296 4282 tuae
1310 4210 1417 4297 impu-

456 4312 578 4382 tabitur
595 4306 805 4378 abstinentiae.
851 4309 937 4386 Quid
961 4333 1049 4397 ergo,
1073 4312 1098 4382 si
1121 4312 1259 4379 deseris?
1280 4298 1370 4395 ’n'uid
1391 4313 1417 4379 si

456 4412 607 4485 decennio
622 4422 677 4476 aut
693 4410 829 4495 amplius
844 4414 1076 4499 peregrinaris?
1101 4415 1180 4500 quid
1199 4415 1224 4478 si
1241 4429 1416 4491 revertens,
