3667 5475
437 696 543 775 trau]
822 709 998 753 nrrsromn.
1321 696 1385 752 269

433 863 520 951 quod
534 861 575 925 ad
591 860 735 924 animum
746 859 780 922 in
792 858 932 921 adversis
945 857 1144 941 erigendum,
1157 869 1191 920 et
1203 858 1385 922 Christiano

430 965 572 1029 mundus
580 975 666 1026 totus
676 961 806 1024 exilium
817 972 876 1035 est,
885 959 962 1021 dum
974 959 1222 1043 peregrinatura
1232 959 1384 1036 Domino,

432 1077 469 1132 ut
488 1086 668 1150 numquam
689 1061 847 1148 prosperis
868 1060 1047 1125 extollatur.
1094 1062 1229 1125 Cessent
1249 1086 1325 1147 ergo
1344 1064 1386 1127 de

434 1167 582 1233 ludibriis
596 1166 733 1228 sortunae
747 1162 903 1248 querelae:
925 1163 966 1224 de
982 1162 1115 1245 reliquo,
1131 1163 1208 1226 dum
1225 1188 1292 1241 nos,
1308 1189 1388 1252 qua-

434 1283 528 1334 tenus
543 1265 888 1353 licetaquoestionibus
897 1264 1122 1348 philosophicis
1137 1288 1199 1328 non
1215 1257 1386 1343 cessemus,

434 1372 661 1455 indulgeamus
695 1367 977 1455 persequutoribus
1012 1366 1136 1442 nostris,
1171 1369 1388 1435 nescientibus

435 1476 569 1540 fortasse
594 1472 673 1559 quid
697 1472 830 1550 faciunt,
854 1481 888 1532 et
912 1468 1052 1553 praelatis
1083 1469 1297 1534 Ecclesiarunr
1323 1495 1388 1536 non

437 1576 638 1651 vestratibus
655 1573 711 1638 sed
727 1572 920 1636 nostratibus
935 1572 1017 1652 dico,
1031 1572 1097 1656 qui,
1113 1572 1200 1657 quod
1217 1574 1295 1637 Caio
1311 1577 1391 1639 Cas·

437 1678 484 1743 siu
501 1677 615 1742 Cicero
629 1677 662 1737 in
678 1674 813 1760 epistola
823 1672 863 1736 ad
875 1674 1014 1736 eundem
1026 1675 1170 1737 Cassium
1185 1675 1389 1761 improperat,

433 1780 502 1866 jam
523 1802 543 1842 a
562 1778 665 1842 multo
686 1790 831 1861 tempore
851 1776 961 1839 virtuti
981 1788 1015 1839 et
1037 1776 1139 1840 officio
1161 1800 1218 1841 suo
1240 1780 1388 1843 nuntium

438 1882 641 1962 remiserunt,
669 1902 729 1943 nec
759 1902 833 1942 curn
863 1878 909 1941 eis
935 1889 1033 1961 agant
1059 1879 1184 1942 deliniti
1212 1881 1329 1945 divitiis
1357 1895 1391 1946 et

438 1982 599 2049 illecebris
618 1983 827 2067 voluptatum.
874 1980 1018 2064 Expecto
1038 2003 1058 2043 a
1076 1984 1178 2065 gratia
1192 1995 1296 2047 restra
1315 1985 1393 2049 resi-

441 2088 542 2151 duum
562 2085 759 2149 Hierarchiae
773 2082 946 2162 transferri,
958 2094 994 2145 ut
1004 2096 1107 2146 vestro
1121 2086 1288 2164 beneficio,
1304 2088 1394 2152 robis

438 2188 480 2253 ad
500 2199 654 2251 aeternam
678 2186 823 2270 gloriam,
850 2184 981 2248 Francis
1003 2185 1067 2248 suis
1086 2186 1199 2250 beatus
1221 2188 1391 2275 Dionysius

442 2289 568 2376 plenius
598 2288 785 2351 innotescat.
840 2286 975 2349 Utinam
1005 2288 1099 2350 detur
1127 2289 1206 2351 mibi
1236 2290 1323 2355 loeus
1352 2291 1393 2354 ad

441 2394 543 2479 pedes
567 2403 688 2455 vestros
711 2403 748 2454 ut
775 2412 849 2454 cnm
882 2389 988 2452 Maria
1016 2391 1148 2453 sedente
1176 2416 1267 2457 secus
1295 2395 1394 2479 pedes

443 2490 577 2569 Christi,
589 2511 685 2576 quem
698 2489 730 2552 in
739 2491 833 2554 corde
843 2506 947 2553 vestro
955 2488 1099 2552 habitare
1112 2491 1247 2569 confido,
1259 2496 1395 2560 coelestis

441 2593 564 2659 oraculi
579 2593 676 2655 verba
687 2603 719 2657 et
730 2614 814 2660 rerae
828 2591 1036 2677 philosophiae
1051 2592 1224 2657 sententias
1238 2596 1393 2679 excipiam

441 2697 483 2762 ab
504 2718 558 2762 ore
579 2707 694 2760 vestro.
743 2696 808 2759 Sed
829 2695 889 2758 hoc
909 2694 1103 2758 desiderium
1128 2703 1236 2759 meum
1259 2696 1403 2783 impedit

444 2799 623 2883 indignatio
638 2798 720 2882 regis
737 2797 926 2881 Anglorum,
943 2798 995 2861 cui
1009 2798 1075 2876 ille,
1093 2799 1148 2886 qui
1170 2799 1266 2864 corda
1284 2823 1395 2885 regum

445 2903 564 2987 dirigit,
588 2903 710 2967 tribuat
734 2904 759 2966 si
784 2903 889 2986 placet
911 2902 1121 2982 intellectum,
1144 2915 1180 2967 ut
1201 2903 1300 2990 sapiat
1323 2905 1409 2991 quae'

447 3004 512 3068 Dei
533 3016 616 3070 sunt.
662 3003 796 3066 Interim
819 3003 905 3090 quod
927 3025 1056 3089 possum
1079 3004 1269 3088 dignationis
1284 3020 1397 3072 restrae

448 3106 583 3192 genibus
604 3107 799 3192 provolutus,
814 3107 961 3191 precibus
983 3118 1016 3171 et
1037 3106 1150 3172 litteris
1170 3109 1261 3195 pulso
1279 3111 1399 3196 snppli-

449 3231 535 3291 cans,
561 3224 596 3274 ut
620 3210 653 3273 in
680 3209 881 3294 explananda
910 3210 1114 3276 translatione
1145 3213 1230 3277 beati
1255 3214 1400 3301 Dionysii

452 3333 504 3376 me
519 3326 623 3376 vestra
636 3312 800 3376 sinceritas
818 3313 969 3396 dignetur
988 3315 1106 3380 audire.
1154 3316 1208 3380 Ad
1225 3316 1284 3381 hoc
1300 3341 1402 3404 nuper

452 3414 485 3478 in
501 3415 583 3478 libro
604 3414 692 3477 beati
710 3415 871 3478 Ambrosii
886 3415 927 3478 de
944 3416 1166 3479 lucarnatione
1188 3420 1276 3480 verbi
1296 3421 1401 3484 obsta·

452 3515 561 3579 culum
587 3515 704 3601 reperi,
727 3516 812 3602 quod
839 3517 946 3581 nullus
972 3517 1193 3600 magistrorum
1223 3532 1400 3605 nostrornm

452 3615 570 3681 sufficit
589 3637 747 3698 amovere,
765 3619 842 3705 quia
863 3621 990 3683 Graecae
1011 3620 1130 3703 linguae
1151 3631 1296 3709 expertes
1317 3633 1399 3686 sunt.

455 3719 843 3786 Haecautemsuntverba
854 3721 1017 3785 Ambrosii
1028 3706 1402 3806 facientiaquaestioncm.

454 3821 588 3886 Ousiatn
610 3820 655 3885 ita
673 3821 807 3888 Latinus
828 3825 1054 3907 interpretatus
1069 3833 1127 3900 est,
1144 3816 1180 3886 ut
1194 3823 1403 3891 substantiam

452 3923 582 3988 diceret.
629 3924 730 3990 Ousia
750 3939 857 3991 autem
887 3925 1019 3989 Domini
1046 3947 1145 4013 quum
1175 3925 1301 4005 dicitur,
1326 3930 1404 4015 quid

452 4025 540 4091 aliud
560 4026 719 4110 significat
742 4030 801 4092 nisi
825 4028 1003 4092 Dominum
1028 4051 1156 4116 semper
1175 4030 1270 4119 essen?
1308 4032 1404 4108 Quod

454 4129 571 4194 litterae
590 4131 669 4216 ipsae
691 4131 885 4216 exprimunt,
903 4131 1048 4218 quamvis
1067 4132 1174 4198 divine
1190 4132 1278 4200 ousia
1291 4135 1321 4198 ai
1336 4147 1407 4200 acta

455 4231 498 4312 ai,
522 4231 582 4296 hoc
608 4251 656 4298 cst
679 4256 778 4320 quum
805 4234 846 4298 sit
870 4256 1007 4320 semper,
1034 4235 1135 4300 Ousia
1160 4236 1285 4312 dicitur,
1313 4237 1406 4299 unius

455 4332 572 4399 litteroe
587 4347 710 4400 mutato
722 4336 832 4401 ordine
844 4349 973 4422 propter
983 4358 1095 4401 sonum
1112 4350 1145 4401 et
1160 4335 1406 4421 competentiam
