<?xml version="1.0" encoding="UTF-8"?>
<!DOCTYPE html PUBLIC "-//W3C//DTD XHTML 1.0 Transitional//EN"
    "http://www.w3.org/TR/xhtml1/DTD/xhtml1-transitional.dtd">
<html xmlns="http://www.w3.org/1999/xhtml" xml:lang="en" lang="en">
 <head>
  <title>
</title>
<meta http-equiv="Content-Type" content="text/html;charset=utf-8" />
  <meta name='ocr-system' content='tesseract 3.04.00' />
  <meta name='ocr-capabilities' content='ocr_page ocr_carea ocr_par ocr_line ocrx_word'/>
</head>
<body>
  <div class='ocr_page' id='page_1' title='image "./operaomnianuncp03johngoog_0123.png"; bbox 0 0 3667 5475; ppageno 0'>
   <div class='ocr_carea' id='block_1_1' title="bbox 448 775 1396 854">
    <p class='ocr_par' dir='ltr' id='par_1_1' title="bbox 448 775 1396 854">
     <span class='ocr_line' id='line_1_1' title="bbox 448 775 1396 854; baseline 0.001 -17"><span class='ocrx_word' id='word_1_1' title='bbox 448 775 641 854; x_wconf 56' lang='lat' dir='ltr'>tlte-61]</span> <span class='ocrx_word' id='word_1_2' title='bbox 841 791 1020 837; x_wconf 75' lang='lat' dir='ltr'><strong>EPISTOLAE.</strong></span> <span class='ocrx_word' id='word_1_3' title='bbox 1337 779 1396 839; x_wconf 80' lang='lat'>108</span> 
     </span>
    </p>
   </div>
   <div class='ocr_carea' id='block_1_2' title="bbox 427 941 1465 4490">
    <p class='ocr_par' dir='ltr' id='par_1_2' title="bbox 427 941 1465 4490">
     <span class='ocr_line' id='line_1_2' title="bbox 427 941 1394 1029; baseline 0.002 -21"><span class='ocrx_word' id='word_1_4' title='bbox 427 943 664 1029; x_wconf 84' lang='lat' dir='ltr'>reprobabam,</span> <span class='ocrx_word' id='word_1_5' title='bbox 681 954 713 1005; x_wconf 93' lang='lat' dir='ltr'>et</span> <span class='ocrx_word' id='word_1_6' title='bbox 729 941 821 1027; x_wconf 88' lang='lat' dir='ltr'>quasi</span> <span class='ocrx_word' id='word_1_7' title='bbox 839 941 1014 1007; x_wconf 88' lang='lat' dir='ltr'>calcaribus</span> <span class='ocrx_word' id='word_1_8' title='bbox 1033 941 1185 1027; x_wconf 81' lang='lat' dir='ltr'><strong>urgebam</strong></span> <span class='ocrx_word' id='word_1_9' title='bbox 1209 955 1244 1007; x_wconf 93' lang='lat' dir='ltr'>ut</span> <span class='ocrx_word' id='word_1_10' title='bbox 1266 942 1394 1009; x_wconf 83' lang='lat' dir='ltr'><strong>rediret.</strong></span> 
     </span>
     <span class='ocr_line' id='line_1_3' title="bbox 443 1043 1393 1129; baseline 0.001 -20"><span class='ocrx_word' id='word_1_11' title='bbox 443 1047 516 1111; x_wconf 92' lang='lat' dir='ltr'>Hoc</span> <span class='ocrx_word' id='word_1_12' title='bbox 531 1059 639 1110; x_wconf 87' lang='lat' dir='ltr'>autem</span> <span class='ocrx_word' id='word_1_13' title='bbox 659 1045 688 1109; x_wconf 92' lang='lat' dir='ltr'>ei</span> <span class='ocrx_word' id='word_1_14' title='bbox 709 1043 966 1109; x_wconf 88' lang='lat' dir='ltr'>molestissimum</span> <span class='ocrx_word' id='word_1_15' title='bbox 982 1044 1055 1119; x_wconf 86' lang='lat' dir='ltr'>suit,</span> <span class='ocrx_word' id='word_1_16' title='bbox 1071 1068 1109 1107; x_wconf 91' lang='lat' dir='ltr'>eo</span> <span class='ocrx_word' id='word_1_17' title='bbox 1129 1044 1217 1129; x_wconf 91' lang='lat' dir='ltr'>quod</span> <span class='ocrx_word' id='word_1_18' title='bbox 1239 1045 1393 1110; x_wconf 84' lang='lat' dir='ltr'>natalium</span> 
     </span>
     <span class='ocr_line' id='line_1_4' title="bbox 441 1145 1394 1231; baseline 0.002 -19"><span class='ocrx_word' id='word_1_19' title='bbox 441 1148 564 1214; x_wconf 92' lang='lat' dir='ltr'>dierum</span> <span class='ocrx_word' id='word_1_20' title='bbox 591 1149 673 1214; x_wconf 80' lang='lat' dir='ltr'>festa</span> <span class='ocrx_word' id='word_1_21' title='bbox 697 1148 782 1212; x_wconf 89' lang='lat' dir='ltr'>inter</span> <span class='ocrx_word' id='word_1_22' title='bbox 805 1159 957 1231; x_wconf 85' lang='lat' dir='ltr'>cognatos</span> <span class='ocrx_word' id='word_1_23' title='bbox 978 1160 1011 1210; x_wconf 91' lang='lat' dir='ltr'>et</span> <span class='ocrx_word' id='word_1_24' title='bbox 1032 1145 1159 1224; x_wconf 89' lang='lat' dir='ltr'>amicos,</span> <span class='ocrx_word' id='word_1_25' title='bbox 1182 1164 1214 1212; x_wconf 92' lang='lat' dir='ltr'>et</span> <span class='ocrx_word' id='word_1_26' title='bbox 1237 1161 1339 1224; x_wconf 91' lang='lat' dir='ltr'>notos,</span> <span class='ocrx_word' id='word_1_27' title='bbox 1360 1148 1394 1214; x_wconf 90' lang='lat' dir='ltr'>in</span> 
     </span>
     <span class='ocr_line' id='line_1_5' title="bbox 442 1247 1395 1336; baseline 0 -22"><span class='ocrx_word' id='word_1_28' title='bbox 442 1250 518 1316; x_wconf 89' lang='lat' dir='ltr'>loeis</span> <span class='ocrx_word' id='word_1_29' title='bbox 540 1249 681 1336; x_wconf 86' lang='lat' dir='ltr'>plebeiis,</span> <span class='ocrx_word' id='word_1_30' title='bbox 697 1263 728 1313; x_wconf 90' lang='lat' dir='ltr'>et</span> <span class='ocrx_word' id='word_1_31' title='bbox 752 1248 793 1312; x_wconf 89' lang='lat' dir='ltr'>ab</span> <span class='ocrx_word' id='word_1_32' title='bbox 815 1248 900 1311; x_wconf 91' lang='lat' dir='ltr'>omni</span> <span class='ocrx_word' id='word_1_33' title='bbox 921 1247 1098 1313; x_wconf 88' lang='lat' dir='ltr'>reverentia</span> <span class='ocrx_word' id='word_1_34' title='bbox 1116 1248 1273 1336; x_wconf 86' lang='lat' dir='ltr'>exemptis</span> <span class='ocrx_word' id='word_1_35' title='bbox 1294 1262 1395 1314; x_wconf 89' lang='lat' dir='ltr'>trans-</span> 
     </span>
     <span class='ocr_line' id='line_1_6' title="bbox 440 1346 1394 1437; baseline -0.002 -22"><span class='ocrx_word' id='word_1_36' title='bbox 440 1352 528 1437; x_wconf 86' lang='lat' dir='ltr'>igere</span> <span class='ocrx_word' id='word_1_37' title='bbox 547 1352 730 1416; x_wconf 88' lang='lat' dir='ltr'>decreverat</span> <span class='ocrx_word' id='word_1_38' title='bbox 752 1362 785 1412; x_wconf 91' lang='lat' dir='ltr'>et</span> <span class='ocrx_word' id='word_1_39' title='bbox 806 1346 1002 1412; x_wconf 80' lang='lat' dir='ltr'><strong>condixerat.</strong></span> <span class='ocrx_word' id='word_1_40' title='bbox 1049 1348 1154 1413; x_wconf 92' lang='lat' dir='ltr'>Malui</span> <span class='ocrx_word' id='word_1_41' title='bbox 1168 1372 1245 1433; x_wconf 88' lang='lat' dir='ltr'>ergo</span> <span class='ocrx_word' id='word_1_42' title='bbox 1266 1372 1317 1413; x_wconf 92' lang='lat' dir='ltr'>me</span> <span class='ocrx_word' id='word_1_43' title='bbox 1338 1372 1394 1435; x_wconf 92' lang='lat' dir='ltr'>op-</span> 
     </span>
     <span class='ocr_line' id='line_1_7' title="bbox 441 1446 1394 1537; baseline -0.003 -21"><span class='ocrx_word' id='word_1_44' title='bbox 441 1474 564 1537; x_wconf 76' lang='lat' dir='ltr'>ponere¹</span> <span class='ocrx_word' id='word_1_45' title='bbox 579 1448 791 1535; x_wconf 82' lang='lat' dir='ltr'>indignationi</span> <span class='ocrx_word' id='word_1_46' title='bbox 814 1449 895 1534; x_wconf 75' lang='lat' dir='ltr'>ejuS,</span> <span class='ocrx_word' id='word_1_47' title='bbox 919 1470 1015 1533; x_wconf 87' lang='lat' dir='ltr'>quam</span> <span class='ocrx_word' id='word_1_48' title='bbox 1039 1446 1243 1534; x_wconf 77' lang='lat' dir='ltr'>adquiescere</span> <span class='ocrx_word' id='word_1_49' title='bbox 1264 1448 1394 1514; x_wconf 88' lang='lat' dir='ltr'>consilio</span> 
     </span>
     <span class='ocr_line' id='line_1_8' title="bbox 441 1548 1394 1639; baseline 0 -22"><span class='ocrx_word' id='word_1_50' title='bbox 441 1552 627 1639; x_wconf 83' lang='lat' dir='ltr'>periculoso.</span> <span class='ocrx_word' id='word_1_51' title='bbox 658 1553 773 1615; x_wconf 85' lang='lat' dir='ltr'><strong>Frater</strong></span> <span class='ocrx_word' id='word_1_52' title='bbox 785 1550 868 1613; x_wconf 89' lang='lat' dir='ltr'>enim</span> <span class='ocrx_word' id='word_1_53' title='bbox 885 1548 972 1613; x_wconf 91' lang='lat' dir='ltr'>mitis</span> <span class='ocrx_word' id='word_1_54' title='bbox 987 1560 1047 1625; x_wconf 87' lang='lat' dir='ltr'>est,</span> <span class='ocrx_word' id='word_1_55' title='bbox 1059 1566 1091 1614; x_wconf 93' lang='lat' dir='ltr'>et</span> <span class='ocrx_word' id='word_1_56' title='bbox 1106 1550 1198 1613; x_wconf 88' lang='lat' dir='ltr'>bonae</span> <span class='ocrx_word' id='word_1_57' title='bbox 1210 1550 1394 1631; x_wconf 88' lang='lat' dir='ltr'>voluntatis,</span> 
     </span>
     <span class='ocr_line' id='line_1_9' title="bbox 444 1650 1393 1737; baseline -0.002 -19"><span class='ocrx_word' id='word_1_58' title='bbox 444 1666 481 1718; x_wconf 91' lang='lat' dir='ltr'>ut</span> <span class='ocrx_word' id='word_1_59' title='bbox 506 1654 611 1730; x_wconf 89' lang='lat' dir='ltr'>credo,</span> <span class='ocrx_word' id='word_1_60' title='bbox 634 1652 688 1718; x_wconf 89' lang='lat' dir='ltr'>sed</span> <span class='ocrx_word' id='word_1_61' title='bbox 711 1650 883 1735; x_wconf 86' lang='lat' dir='ltr'>simplicior</span> <span class='ocrx_word' id='word_1_62' title='bbox 908 1650 1026 1729; x_wconf 89' lang='lat' dir='ltr'>adbuc,</span> <span class='ocrx_word' id='word_1_63' title='bbox 1049 1673 1146 1737; x_wconf 91' lang='lat' dir='ltr'>quam</span> <span class='ocrx_word' id='word_1_64' title='bbox 1172 1653 1265 1716; x_wconf 90' lang='lat' dir='ltr'>utin</span> <span class='ocrx_word' id='word_1_65' title='bbox 1290 1653 1393 1724; x_wconf 79' lang='lat' dir='ltr'>turbis</span> 
     </span>
     <span class='ocr_line' id='line_1_10' title="bbox 442 1751 1392 1842; baseline -0.002 -22"><span class='ocrx_word' id='word_1_66' title='bbox 442 1755 635 1842; x_wconf 89' lang='lat' dir='ltr'>populorum</span> <span class='ocrx_word' id='word_1_67' title='bbox 657 1751 802 1840; x_wconf 80' lang='lat' dir='ltr'>regimini</span> <span class='ocrx_word' id='word_1_68' title='bbox 827 1775 885 1819; x_wconf 88' lang='lat' dir='ltr'>suo</span> <span class='ocrx_word' id='word_1_69' title='bbox 908 1753 1063 1817; x_wconf 90' lang='lat' dir='ltr'>committi</span> <span class='ocrx_word' id='word_1_70' title='bbox 1089 1753 1249 1840; x_wconf 88' lang='lat' dir='ltr'>expediat.</span> <span class='ocrx_word' id='word_1_71' title='bbox 1308 1758 1392 1819; x_wconf 91' lang='lat' dir='ltr'>Nam</span> 
     </span>
     <span class='ocr_line' id='line_1_11' title="bbox 443 1853 1393 1943; baseline 0.001 -24"><span class='ocrx_word' id='word_1_72' title='bbox 443 1868 561 1942; x_wconf 86' lang='lat' dir='ltr'>praeter</span> <span class='ocrx_word' id='word_1_73' title='bbox 587 1857 748 1921; x_wconf 82' lang='lat' dir='ltr'>levitatem</span> <span class='ocrx_word' id='word_1_74' title='bbox 779 1868 836 1920; x_wconf 91' lang='lat' dir='ltr'>aut</span> <span class='ocrx_word' id='word_1_75' title='bbox 866 1853 957 1933; x_wconf 90' lang='lat' dir='ltr'>nihil,</span> <span class='ocrx_word' id='word_1_76' title='bbox 983 1870 1040 1919; x_wconf 91' lang='lat' dir='ltr'>aut</span> <span class='ocrx_word' id='word_1_77' title='bbox 1070 1856 1238 1920; x_wconf 89' lang='lat' dir='ltr'>minimum</span> <span class='ocrx_word' id='word_1_78' title='bbox 1265 1856 1297 1920; x_wconf 92' lang='lat' dir='ltr'>in</span> <span class='ocrx_word' id='word_1_79' title='bbox 1323 1856 1393 1943; x_wconf 87' lang='lat' dir='ltr'>ipso</span> 
     </span>
     <span class='ocr_line' id='line_1_12' title="bbox 442 1956 1393 2043; baseline 0 -22"><span class='ocrx_word' id='word_1_80' title='bbox 442 1980 554 2043; x_wconf 86' lang='lat' dir='ltr'>arguo,</span> <span class='ocrx_word' id='word_1_81' title='bbox 569 1982 606 2021; x_wconf 96' lang='lat' dir='ltr'>eo</span> <span class='ocrx_word' id='word_1_82' title='bbox 620 1971 726 2022; x_wconf 89' lang='lat' dir='ltr'>tamen</span> <span class='ocrx_word' id='word_1_83' title='bbox 749 1971 883 2043; x_wconf 85' lang='lat' dir='ltr'>excepto</span> <span class='ocrx_word' id='word_1_84' title='bbox 904 1956 994 2043; x_wconf 89' lang='lat' dir='ltr'>quod</span> <span class='ocrx_word' id='word_1_85' title='bbox 1016 1971 1072 2023; x_wconf 89' lang='lat' dir='ltr'>aut</span> <span class='ocrx_word' id='word_1_86' title='bbox 1094 1958 1201 2023; x_wconf 91' lang='lat' dir='ltr'>nullus</span> <span class='ocrx_word' id='word_1_87' title='bbox 1222 1971 1278 2022; x_wconf 92' lang='lat' dir='ltr'>aut</span> <span class='ocrx_word' id='word_1_88' title='bbox 1302 1981 1393 2022; x_wconf 88' lang='lat' dir='ltr'>rarus</span> 
     </span>
     <span class='ocr_line' id='line_1_13' title="bbox 441 2060 1393 2147; baseline 0.002 -22"><span class='ocrx_word' id='word_1_89' title='bbox 441 2074 499 2137; x_wconf 88' lang='lat' dir='ltr'>est,</span> <span class='ocrx_word' id='word_1_90' title='bbox 515 2061 547 2124; x_wconf 91' lang='lat' dir='ltr'>in</span> <span class='ocrx_word' id='word_1_91' title='bbox 563 2084 628 2146; x_wconf 91' lang='lat' dir='ltr'>quo</span> <span class='ocrx_word' id='word_1_92' title='bbox 642 2084 705 2125; x_wconf 87' lang='lat' dir='ltr'>non</span> <span class='ocrx_word' id='word_1_93' title='bbox 717 2060 957 2145; x_wconf 81' lang='lat' dir='ltr'>invenietquod</span> <span class='ocrx_word' id='word_1_94' title='bbox 972 2073 1092 2147; x_wconf 86' lang='lat' dir='ltr'>carpat,</span> <span class='ocrx_word' id='word_1_95' title='bbox 1101 2075 1133 2126; x_wconf 90' lang='lat' dir='ltr'>et</span> <span class='ocrx_word' id='word_1_96' title='bbox 1144 2061 1205 2124; x_wconf 89' lang='lat' dir='ltr'>boc</span> <span class='ocrx_word' id='word_1_97' title='bbox 1220 2061 1261 2125; x_wconf 90' lang='lat' dir='ltr'>ab</span> <span class='ocrx_word' id='word_1_98' title='bbox 1276 2061 1393 2127; x_wconf 88' lang='lat' dir='ltr'>innatae</span> 
     </span>
     <span class='ocr_line' id='line_1_14' title="bbox 441 2163 1391 2252; baseline 0 -24"><span class='ocrx_word' id='word_1_99' title='bbox 441 2167 580 2230; x_wconf 87' lang='lat' dir='ltr'>levitatis</span> <span class='ocrx_word' id='word_1_100' title='bbox 603 2163 715 2228; x_wconf 88' lang='lat' dir='ltr'>fomite</span> <span class='ocrx_word' id='word_1_101' title='bbox 737 2163 874 2229; x_wconf 84' lang='lat' dir='ltr'>arbitror</span> <span class='ocrx_word' id='word_1_102' title='bbox 897 2163 1031 2227; x_wconf 88' lang='lat' dir='ltr'>evenire.</span> <span class='ocrx_word' id='word_1_103' title='bbox 1082 2163 1235 2229; x_wconf 87' lang='lat' dir='ltr'>Videbam</span> <span class='ocrx_word' id='word_1_104' title='bbox 1261 2165 1391 2252; x_wconf 90' lang='lat' dir='ltr'>quidem</span> 
     </span>
     <span class='ocr_line' id='line_1_15' title="bbox 441 2265 1393 2351; baseline -0.004 -17"><span class='ocrx_word' id='word_1_105' title='bbox 441 2266 518 2334; x_wconf 85' lang='lat' dir='ltr'>mihi</span> <span class='ocrx_word' id='word_1_106' title='bbox 548 2265 741 2331; x_wconf 90' lang='lat' dir='ltr'>alterutrum</span> <span class='ocrx_word' id='word_1_107' title='bbox 761 2266 942 2329; x_wconf 88' lang='lat' dir='ltr'>imminere</span> <span class='ocrx_word' id='word_1_108' title='bbox 971 2266 1149 2342; x_wconf 86' lang='lat' dir='ltr'>discrimen,</span> <span class='ocrx_word' id='word_1_109' title='bbox 1179 2280 1214 2331; x_wconf 93' lang='lat' dir='ltr'>ut</span> <span class='ocrx_word' id='word_1_110' title='bbox 1245 2280 1303 2332; x_wconf 88' lang='lat' dir='ltr'>aut</span> <span class='ocrx_word' id='word_1_111' title='bbox 1332 2290 1393 2351; x_wconf 89' lang='lat' dir='ltr'>ego</span> 
     </span>
     <span class='ocr_line' id='line_1_16' title="bbox 441 2368 1392 2455; baseline 0.001 -22"><span class='ocrx_word' id='word_1_112' title='bbox 441 2368 637 2453; x_wconf 86' lang='lat' dir='ltr'>periclitarer</span> <span class='ocrx_word' id='word_1_113' title='bbox 651 2369 685 2432; x_wconf 91' lang='lat' dir='ltr'>in</span> <span class='ocrx_word' id='word_1_114' title='bbox 700 2369 804 2453; x_wconf 88' lang='lat' dir='ltr'>gratia</span> <span class='ocrx_word' id='word_1_115' title='bbox 827 2370 906 2455; x_wconf 90' lang='lat' dir='ltr'>ejus,</span> <span class='ocrx_word' id='word_1_116' title='bbox 921 2383 978 2433; x_wconf 92' lang='lat' dir='ltr'>aut</span> <span class='ocrx_word' id='word_1_117' title='bbox 994 2379 1128 2433; x_wconf 89' lang='lat' dir='ltr'>vestram</span> <span class='ocrx_word' id='word_1_118' title='bbox 1148 2392 1284 2434; x_wconf 89' lang='lat' dir='ltr'>mererer</span> <span class='ocrx_word' id='word_1_119' title='bbox 1299 2369 1392 2434; x_wconf 86' lang='lat' dir='ltr'>amit·</span> 
     </span>
     <span class='ocr_line' id='line_1_17' title="bbox 441 2469 1392 2558; baseline 0.003 -24"><span class='ocrx_word' id='word_1_120' title='bbox 441 2486 518 2535; x_wconf 86' lang='lat' dir='ltr'>tere.</span> <span class='ocrx_word' id='word_1_121' title='bbox 563 2471 680 2534; x_wconf 85' lang='lat' dir='ltr'>Fateor</span> <span class='ocrx_word' id='word_1_122' title='bbox 705 2469 830 2557; x_wconf 90' lang='lat' dir='ltr'>culpam</span> <span class='ocrx_word' id='word_1_123' title='bbox 858 2493 972 2547; x_wconf 88' lang='lat' dir='ltr'>meam,</span> <span class='ocrx_word' id='word_1_124' title='bbox 995 2470 1168 2535; x_wconf 86' lang='lat' dir='ltr'>deliberavi</span> <span class='ocrx_word' id='word_1_125' title='bbox 1190 2472 1333 2558; x_wconf 89' lang='lat' dir='ltr'>quidem,</span> <span class='ocrx_word' id='word_1_126' title='bbox 1359 2485 1392 2537; x_wconf 90' lang='lat' dir='ltr'>et</span> 
     </span>
     <span class='ocr_line' id='line_1_18' title="bbox 441 2572 1392 2659; baseline 0.002 -23"><span class='ocrx_word' id='word_1_127' title='bbox 441 2572 590 2658; x_wconf 88' lang='lat' dir='ltr'>amplius,</span> <span class='ocrx_word' id='word_1_128' title='bbox 620 2594 714 2658; x_wconf 90' lang='lat' dir='ltr'>quam</span> <span class='ocrx_word' id='word_1_129' title='bbox 751 2595 809 2659; x_wconf 90' lang='lat' dir='ltr'>per</span> <span class='ocrx_word' id='word_1_130' title='bbox 838 2594 988 2652; x_wconf 90' lang='lat' dir='ltr'>mensem,</span> <span class='ocrx_word' id='word_1_131' title='bbox 1017 2573 1073 2637; x_wconf 85' lang='lat' dir='ltr'>sed</span> <span class='ocrx_word' id='word_1_132' title='bbox 1102 2573 1230 2637; x_wconf 91' lang='lat' dir='ltr'>tandem</span> <span class='ocrx_word' id='word_1_133' title='bbox 1260 2574 1392 2639; x_wconf 88' lang='lat' dir='ltr'>collecto</span> 
     </span>
     <span class='ocr_line' id='line_1_19' title="bbox 440 2672 1391 2763; baseline 0.002 -25"><span class='ocrx_word' id='word_1_134' title='bbox 440 2672 555 2762; x_wconf 88' lang='lat' dir='ltr'>spiritu</span> <span class='ocrx_word' id='word_1_135' title='bbox 579 2696 629 2738; x_wconf 90' lang='lat' dir='ltr'>me</span> <span class='ocrx_word' id='word_1_136' title='bbox 652 2686 832 2739; x_wconf 87' lang='lat' dir='ltr'>constanter</span> <span class='ocrx_word' id='word_1_137' title='bbox 857 2674 1069 2760; x_wconf 84' lang='lat' dir='ltr'>indignationi</span> <span class='ocrx_word' id='word_1_138' title='bbox 1091 2678 1159 2762; x_wconf 89' lang='lat' dir='ltr'>ejus</span> <span class='ocrx_word' id='word_1_139' title='bbox 1181 2676 1329 2763; x_wconf 91' lang='lat' dir='ltr'>opposui,</span> <span class='ocrx_word' id='word_1_140' title='bbox 1351 2698 1391 2740; x_wconf 93' lang='lat' dir='ltr'>ne</span> 
     </span>
     <span class='ocr_line' id='line_1_20' title="bbox 441 2773 1392 2864; baseline 0.001 -24"><span class='ocrx_word' id='word_1_141' title='bbox 441 2776 527 2854; x_wconf 87' lang='lat' dir='ltr'>fidei,</span> <span class='ocrx_word' id='word_1_142' title='bbox 550 2799 644 2862; x_wconf 91' lang='lat' dir='ltr'>quam</span> <span class='ocrx_word' id='word_1_143' title='bbox 661 2777 751 2841; x_wconf 90' lang='lat' dir='ltr'>vobis</span> <span class='ocrx_word' id='word_1_144' title='bbox 773 2777 885 2858; x_wconf 89' lang='lat' dir='ltr'>debeo,</span> <span class='ocrx_word' id='word_1_145' title='bbox 906 2777 1082 2864; x_wconf 87' lang='lat' dir='ltr'>perieulum</span> <span class='ocrx_word' id='word_1_146' title='bbox 1105 2773 1252 2841; x_wconf 86' lang='lat' dir='ltr'>facerem.</span> <span class='ocrx_word' id='word_1_147' title='bbox 1297 2780 1392 2842; x_wconf 87' lang='lat' dir='ltr'>Com-</span> 
     </span>
     <span class='ocr_line' id='line_1_21' title="bbox 440 2877 1392 2966; baseline 0.003 -24"><span class='ocrx_word' id='word_1_148' title='bbox 440 2877 508 2964; x_wconf 91' lang='lat' dir='ltr'>puli</span> <span class='ocrx_word' id='word_1_149' title='bbox 544 2900 620 2962; x_wconf 88' lang='lat' dir='ltr'>ergo</span> <span class='ocrx_word' id='word_1_150' title='bbox 650 2877 691 2942; x_wconf 86' lang='lat' dir='ltr'>ad</span> <span class='ocrx_word' id='word_1_151' title='bbox 721 2878 872 2954; x_wconf 91' lang='lat' dir='ltr'>reditum,</span> <span class='ocrx_word' id='word_1_152' title='bbox 901 2890 934 2942; x_wconf 92' lang='lat' dir='ltr'>et</span> <span class='ocrx_word' id='word_1_153' title='bbox 964 2878 1031 2944; x_wconf 85' lang='lat' dir='ltr'>haec</span> <span class='ocrx_word' id='word_1_154' title='bbox 1062 2901 1190 2965; x_wconf 90' lang='lat' dir='ltr'>quoque</span> <span class='ocrx_word' id='word_1_155' title='bbox 1219 2891 1268 2943; x_wconf 90' lang='lat' dir='ltr'>est</span> <span class='ocrx_word' id='word_1_156' title='bbox 1296 2878 1392 2966; x_wconf 85' lang='lat' dir='ltr'>culpa</span> 
     </span>
     <span class='ocr_line' id='line_1_22' title="bbox 440 2976 1391 3066; baseline 0.004 -24"><span class='ocrx_word' id='word_1_157' title='bbox 440 3001 518 3042; x_wconf 89' lang='lat' dir='ltr'>mea.</span> <span class='ocrx_word' id='word_1_158' title='bbox 555 2976 717 3042; x_wconf 82' lang='lat' dir='ltr'>&#39;Consilio</span> <span class='ocrx_word' id='word_1_159' title='bbox 739 3000 810 3041; x_wconf 92' lang='lat' dir='ltr'>meo</span> <span class='ocrx_word' id='word_1_160' title='bbox 834 2979 963 3042; x_wconf 89' lang='lat' dir='ltr'>tandem</span> <span class='ocrx_word' id='word_1_161' title='bbox 989 2977 1110 3043; x_wconf 88' lang='lat' dir='ltr'>invitus</span> <span class='ocrx_word' id='word_1_162' title='bbox 1134 2979 1309 3066; x_wconf 89' lang='lat' dir='ltr'>adquievit,</span> <span class='ocrx_word' id='word_1_163' title='bbox 1333 2981 1391 3046; x_wconf 85' lang='lat' dir='ltr'>sed</span> 
     </span>
     <span class='ocr_line' id='line_1_23' title="bbox 439 3079 1389 3167; baseline 0.004 -23"><span class='ocrx_word' id='word_1_164' title='bbox 439 3092 568 3166; x_wconf 84' lang='lat' dir='ltr'>gratum</span> <span class='ocrx_word' id='word_1_165' title='bbox 594 3079 697 3144; x_wconf 79' lang='lat' dir='ltr'>habeo</span> <span class='ocrx_word' id='word_1_166' title='bbox 720 3081 808 3165; x_wconf 91' lang='lat' dir='ltr'>quod</span> <span class='ocrx_word' id='word_1_167' title='bbox 835 3080 1002 3167; x_wconf 88' lang='lat' dir='ltr'>adquievit</span> <span class='ocrx_word' id='word_1_168' title='bbox 1028 3082 1157 3147; x_wconf 91' lang='lat' dir='ltr'>tandem</span> <span class='ocrx_word' id='word_1_169' title='bbox 1183 3087 1234 3148; x_wconf 88' lang='lat' dir='ltr'>rel</span> <span class='ocrx_word' id='word_1_170' title='bbox 1259 3082 1389 3148; x_wconf 87' lang='lat' dir='ltr'>invitus.</span> 
     </span>
     <span class='ocr_line' id='line_1_24' title="bbox 442 3182 1390 3264; baseline 0.003 -17"><span class='ocrx_word' id='word_1_171' title='bbox 442 3183 523 3247; x_wconf 92' lang='lat' dir='ltr'>Inde</span> <span class='ocrx_word' id='word_1_172' title='bbox 545 3182 717 3252; x_wconf 83' lang='lat' dir='ltr'>simultatis</span> <span class='ocrx_word' id='word_1_173' title='bbox 738 3205 854 3261; x_wconf 88' lang='lat' dir='ltr'>causae,</span> <span class='ocrx_word' id='word_1_174' title='bbox 869 3182 944 3247; x_wconf 91' lang='lat' dir='ltr'>inde</span> <span class='ocrx_word' id='word_1_175' title='bbox 964 3184 1168 3250; x_wconf 87' lang='lat' dir='ltr'>detractionis</span> <span class='ocrx_word' id='word_1_176' title='bbox 1189 3186 1300 3264; x_wconf 84' lang='lat' dir='ltr'>fomes,</span> <span class='ocrx_word' id='word_1_177' title='bbox 1316 3186 1390 3250; x_wconf 91' lang='lat' dir='ltr'>inde</span> 
     </span>
     <span class='ocr_line' id='line_1_25' title="bbox 440 3285 1390 3371; baseline 0 -19"><span class='ocrx_word' id='word_1_178' title='bbox 440 3286 540 3352; x_wconf 90' lang='lat' dir='ltr'>totius</span> <span class='ocrx_word' id='word_1_179' title='bbox 568 3285 661 3350; x_wconf 87' lang='lat' dir='ltr'>officii</span> <span class='ocrx_word' id='word_1_180' title='bbox 691 3285 753 3349; x_wconf 90' lang='lat' dir='ltr'>mei</span> <span class='ocrx_word' id='word_1_181' title='bbox 782 3285 928 3370; x_wconf 88' lang='lat' dir='ltr'>obsequii</span> <span class='ocrx_word' id='word_1_182' title='bbox 955 3287 1144 3371; x_wconf 86' lang='lat' dir='ltr'>denigratio.</span> <span class='ocrx_word' id='word_1_183' title='bbox 1190 3291 1327 3354; x_wconf 91' lang='lat' dir='ltr'>Misistis</span> <span class='ocrx_word' id='word_1_184' title='bbox 1348 3288 1390 3353; x_wconf 90' lang='lat' dir='ltr'>ad</span> 
     </span>
     <span class='ocr_line' id='line_1_26' title="bbox 439 3387 1390 3474; baseline 0.005 -23"><span class='ocrx_word' id='word_1_185' title='bbox 439 3411 496 3454; x_wconf 82' lang='lat' dir='ltr'>nos</span> <span class='ocrx_word' id='word_1_186' title='bbox 517 3387 712 3474; x_wconf 86' lang='lat' dir='ltr'>quandoque</span> <span class='ocrx_word' id='word_1_187' title='bbox 734 3387 866 3452; x_wconf 88' lang='lat' dir='ltr'>fratrem</span> <span class='ocrx_word' id='word_1_188' title='bbox 888 3389 1044 3454; x_wconf 86' lang='lat' dir='ltr'>Thomam</span> <span class='ocrx_word' id='word_1_189' title='bbox 1069 3391 1312 3470; x_wconf 85' lang='lat' dir='ltr'>Norwicensem,</span> <span class='ocrx_word' id='word_1_190' title='bbox 1327 3392 1390 3456; x_wconf 82' lang='lat' dir='ltr'>fra-</span> 
     </span>
     <span class='ocr_line' id='line_1_27' title="bbox 439 3489 1465 3579; baseline 0 -23"><span class='ocrx_word' id='word_1_191' title='bbox 439 3505 520 3556; x_wconf 88' lang='lat' dir='ltr'>trem</span> <span class='ocrx_word' id='word_1_192' title='bbox 552 3490 766 3566; x_wconf 90' lang='lat' dir='ltr'>Willelmum,</span> <span class='ocrx_word' id='word_1_193' title='bbox 791 3502 824 3553; x_wconf 93' lang='lat' dir='ltr'>et</span> <span class='ocrx_word' id='word_1_194' title='bbox 850 3489 977 3576; x_wconf 88' lang='lat' dir='ltr'>aliquos</span> <span class='ocrx_word' id='word_1_195' title='bbox 1006 3491 1093 3557; x_wconf 88' lang='lat' dir='ltr'>alios.</span> <span class='ocrx_word' id='word_1_196' title='bbox 1140 3495 1179 3557; x_wconf 91' lang='lat' dir='ltr'>In</span> <span class='ocrx_word' id='word_1_197' title='bbox 1212 3517 1250 3557; x_wconf 92' lang='lat' dir='ltr'>eo</span> <span class='ocrx_word' id='word_1_198' title='bbox 1281 3493 1390 3579; x_wconf 89' lang='lat' dir='ltr'>acqui·</span> <span class='ocrx_word' id='word_1_199' title='bbox 1461 3559 1465 3565; x_wconf 75' lang='grc'><em>,</em></span> 
     </span>
     <span class='ocr_line' id='line_1_28' title="bbox 438 3592 1389 3680; baseline 0.004 -25"><span class='ocrx_word' id='word_1_200' title='bbox 438 3605 572 3657; x_wconf 88' lang='lat' dir='ltr'>everunt</span> <span class='ocrx_word' id='word_1_201' title='bbox 608 3614 727 3668; x_wconf 91' lang='lat' dir='ltr'>omnes,</span> <span class='ocrx_word' id='word_1_202' title='bbox 758 3592 812 3656; x_wconf 92' lang='lat' dir='ltr'>sed</span> <span class='ocrx_word' id='word_1_203' title='bbox 842 3593 999 3658; x_wconf 91' lang='lat' dir='ltr'>neminem</span> <span class='ocrx_word' id='word_1_204' title='bbox 1036 3617 1146 3659; x_wconf 90' lang='lat' dir='ltr'>eorum</span> <span class='ocrx_word' id='word_1_205' title='bbox 1177 3592 1282 3680; x_wconf 84' lang='lat' dir='ltr'>piguit</span> <span class='ocrx_word' id='word_1_206' title='bbox 1318 3619 1389 3659; x_wconf 90' lang='lat' dir='ltr'>meo</span> 
     </span>
     <span class='ocr_line' id='line_1_29' title="bbox 437 3693 1389 3780; baseline 0.003 -24"><span class='ocrx_word' id='word_1_207' title='bbox 437 3693 630 3779; x_wconf 87' lang='lat' dir='ltr'>acquievisse</span> <span class='ocrx_word' id='word_1_208' title='bbox 652 3694 793 3760; x_wconf 90' lang='lat' dir='ltr'>consilio.</span> <span class='ocrx_word' id='word_1_209' title='bbox 846 3694 940 3759; x_wconf 88' lang='lat' dir='ltr'>Solus</span> <span class='ocrx_word' id='word_1_210' title='bbox 962 3695 1013 3759; x_wconf 89' lang='lat' dir='ltr'>hic</span> <span class='ocrx_word' id='word_1_211' title='bbox 1035 3718 1129 3760; x_wconf 89' lang='lat' dir='ltr'>suum</span> <span class='ocrx_word' id='word_1_212' title='bbox 1153 3718 1224 3759; x_wconf 91' lang='lat' dir='ltr'>meo</span> <span class='ocrx_word' id='word_1_213' title='bbox 1244 3695 1389 3780; x_wconf 88' lang='lat' dir='ltr'>aliquan·</span> 
     </span>
     <span class='ocr_line' id='line_1_30' title="bbox 437 3795 1388 3881; baseline 0.004 -23"><span class='ocrx_word' id='word_1_214' title='bbox 437 3795 495 3861; x_wconf 92' lang='lat' dir='ltr'>diu</span> <span class='ocrx_word' id='word_1_215' title='bbox 511 3796 663 3881; x_wconf 65' lang='lat' dir='ltr'>praetulit,</span> <span class='ocrx_word' id='word_1_216' title='bbox 679 3795 733 3860; x_wconf 89' lang='lat' dir='ltr'>sed</span> <span class='ocrx_word' id='word_1_217' title='bbox 760 3796 888 3862; x_wconf 89' lang='lat' dir='ltr'>tandem</span> <span class='ocrx_word' id='word_1_218' title='bbox 907 3796 1083 3881; x_wconf 84' lang='lat' dir='ltr'>adquievit.</span> <span class='ocrx_word' id='word_1_219' title='bbox 1128 3800 1182 3860; x_wconf 89' lang='lat' dir='ltr'>Ao</span> <span class='ocrx_word' id='word_1_220' title='bbox 1198 3795 1388 3880; x_wconf 88' lang='lat' dir='ltr'>deliquerim</span> 
     </span>
     <span class='ocr_line' id='line_1_31' title="bbox 431 3894 1388 3983; baseline -0.004 -19"><span class='ocrx_word' id='word_1_221' title='bbox 431 3895 585 3983; x_wconf 86' lang='lat' dir='ltr'>judicate.</span> <span class='ocrx_word' id='word_1_222' title='bbox 629 3900 676 3962; x_wconf 88' lang='lat' dir='ltr'>Et</span> <span class='ocrx_word' id='word_1_223' title='bbox 691 3900 843 3982; x_wconf 90' lang='lat' dir='ltr'>quoniam</span> <span class='ocrx_word' id='word_1_224' title='bbox 858 3897 957 3961; x_wconf 87' lang='lat' dir='ltr'>frater</span> <span class='ocrx_word' id='word_1_225' title='bbox 977 3896 1109 3982; x_wconf 89' lang='lat' dir='ltr'>quidem</span> <span class='ocrx_word' id='word_1_226' title='bbox 1131 3894 1264 3980; x_wconf 82' lang='lat' dir='ltr'>simplex</span> <span class='ocrx_word' id='word_1_227' title='bbox 1279 3906 1339 3970; x_wconf 89' lang='lat' dir='ltr'>est,</span> <span class='ocrx_word' id='word_1_228' title='bbox 1354 3908 1388 3960; x_wconf 92' lang='lat' dir='ltr'>et</span> 
     </span>
     <span class='ocr_line' id='line_1_32' title="bbox 436 3996 1387 4080; baseline -0.002 -16"><span class='ocrx_word' id='word_1_229' title='bbox 436 4000 578 4074; x_wconf 90' lang='lat' dir='ltr'>minime,</span> <span class='ocrx_word' id='word_1_230' title='bbox 601 4011 636 4062; x_wconf 87' lang='lat' dir='ltr'>ut</span> <span class='ocrx_word' id='word_1_231' title='bbox 659 3996 765 4078; x_wconf 88' lang='lat' dir='ltr'>credo,</span> <span class='ocrx_word' id='word_1_232' title='bbox 787 3996 974 4076; x_wconf 75' lang='lat' dir='ltr'>malitiosae,</span> <span class='ocrx_word' id='word_1_233' title='bbox 989 4017 1100 4080; x_wconf 91' lang='lat' dir='ltr'>precor</span> <span class='ocrx_word' id='word_1_234' title='bbox 1123 4009 1160 4060; x_wconf 93' lang='lat' dir='ltr'>ut</span> <span class='ocrx_word' id='word_1_235' title='bbox 1182 4019 1254 4060; x_wconf 90' lang='lat' dir='ltr'>enm</span> <span class='ocrx_word' id='word_1_236' title='bbox 1276 4018 1387 4062; x_wconf 85' lang='lat' dir='ltr'>carum</span> 
     </span>
     <span class='ocr_line' id='line_1_33' title="bbox 435 4099 1388 4184; baseline 0.004 -23"><span class='ocrx_word' id='word_1_237' title='bbox 435 4099 590 4178; x_wconf 87' lang='lat' dir='ltr'>babeatis,</span> <span class='ocrx_word' id='word_1_238' title='bbox 605 4112 638 4164; x_wconf 89' lang='lat' dir='ltr'>et</span> <span class='ocrx_word' id='word_1_239' title='bbox 660 4100 793 4164; x_wconf 89' lang='lat' dir='ltr'>utamini</span> <span class='ocrx_word' id='word_1_240' title='bbox 815 4122 863 4178; x_wconf 90' lang='lat' dir='ltr'>eo,</span> <span class='ocrx_word' id='word_1_241' title='bbox 886 4101 1037 4184; x_wconf 88' lang='lat' dir='ltr'>quoniam</span> <span class='ocrx_word' id='word_1_242' title='bbox 1060 4099 1149 4164; x_wconf 91' lang='lat' dir='ltr'>utilis</span> <span class='ocrx_word' id='word_1_243' title='bbox 1170 4114 1229 4175; x_wconf 89' lang='lat' dir='ltr'>est,</span> <span class='ocrx_word' id='word_1_244' title='bbox 1249 4111 1282 4164; x_wconf 92' lang='lat' dir='ltr'>et</span> <span class='ocrx_word' id='word_1_245' title='bbox 1304 4100 1388 4165; x_wconf 90' lang='lat' dir='ltr'>sicut</span> 
     </span>
     <span class='ocr_line' id='line_1_34' title="bbox 436 4201 1387 4288; baseline -0.001 -22"><span class='ocrx_word' id='word_1_246' title='bbox 436 4204 496 4268; x_wconf 84' lang='lat' dir='ltr'>sibi</span> <span class='ocrx_word' id='word_1_247' title='bbox 511 4203 543 4267; x_wconf 91' lang='lat' dir='ltr'>in</span> <span class='ocrx_word' id='word_1_248' title='bbox 559 4202 636 4267; x_wconf 91' lang='lat' dir='ltr'>locis</span> <span class='ocrx_word' id='word_1_249' title='bbox 651 4201 786 4288; x_wconf 87' lang='lat' dir='ltr'>publicis</span> <span class='ocrx_word' id='word_1_250' title='bbox 800 4224 1003 4288; x_wconf 88' lang='lat' dir='ltr'>nequaquam</span> <span class='ocrx_word' id='word_1_251' title='bbox 1019 4201 1277 4279; x_wconf 89' lang='lat' dir='ltr'>committendus,</span> <span class='ocrx_word' id='word_1_252' title='bbox 1292 4202 1340 4276; x_wconf 89' lang='lat' dir='ltr'>ita</span> <span class='ocrx_word' id='word_1_253' title='bbox 1353 4203 1387 4266; x_wconf 88' lang='lat' dir='ltr'>in</span> 
     </span>
     <span class='ocr_line' id='line_1_35' title="bbox 436 4301 1387 4389; baseline 0.001 -24"><span class='ocrx_word' id='word_1_254' title='bbox 436 4302 590 4389; x_wconf 87' lang='lat' dir='ltr'>obsequio</span> <span class='ocrx_word' id='word_1_255' title='bbox 612 4315 718 4366; x_wconf 88' lang='lat' dir='ltr'>vestro</span> <span class='ocrx_word' id='word_1_256' title='bbox 744 4305 947 4366; x_wconf 83' lang='lat' dir='ltr'>necessarius.</span> <span class='ocrx_word' id='word_1_257' title='bbox 991 4301 1089 4367; x_wconf 90' lang='lat' dir='ltr'>Aliud</span> <span class='ocrx_word' id='word_1_258' title='bbox 1116 4303 1199 4368; x_wconf 86' lang='lat' dir='ltr'>forte</span> <span class='ocrx_word' id='word_1_259' title='bbox 1220 4302 1260 4366; x_wconf 89' lang='lat' dir='ltr'>de</span> <span class='ocrx_word' id='word_1_260' title='bbox 1284 4304 1387 4388; x_wconf 90' lang='lat' dir='ltr'>seipso</span> 
     </span>
     <span class='ocr_line' id='line_1_36' title="bbox 437 4402 1385 4490; baseline -0.002 -21"><span class='ocrx_word' id='word_1_261' title='bbox 437 4407 652 4470; x_wconf 88' lang='lat' dir='ltr'>testimonium</span> <span class='ocrx_word' id='word_1_262' title='bbox 674 4402 867 4490; x_wconf 89' lang='lat' dir='ltr'>perhibebit,</span> <span class='ocrx_word' id='word_1_263' title='bbox 882 4403 936 4468; x_wconf 93' lang='lat' dir='ltr'>sed</span> <span class='ocrx_word' id='word_1_264' title='bbox 953 4427 1002 4468; x_wconf 91' lang='lat' dir='ltr'>me</span> <span class='ocrx_word' id='word_1_265' title='bbox 1025 4404 1102 4470; x_wconf 90' lang='lat' dir='ltr'>nihil</span> <span class='ocrx_word' id='word_1_266' title='bbox 1123 4416 1214 4489; x_wconf 89' lang='lat' dir='ltr'>urget</span> <span class='ocrx_word' id='word_1_267' title='bbox 1237 4403 1277 4466; x_wconf 88' lang='lat' dir='ltr'>ad</span> <span class='ocrx_word' id='word_1_268' title='bbox 1301 4425 1385 4468; x_wconf 90' lang='lat' dir='ltr'>men-</span> 
     </span>
    </p>
   </div>
   <div class='ocr_carea' id='block_1_3' title="bbox 0 0 1838 5475">
    <p class='ocr_par' dir='ltr' id='par_1_3' title="bbox 0 0 1838 5475">
     <span class='ocr_line' id='line_1_37' title="bbox 0 0 1838 5475; baseline 0 3"><span class='ocrx_word' id='word_1_269' title='bbox 0 0 1838 5475; x_wconf 95' lang='lat' dir='ltr'> </span> 
     </span>
    </p>
   </div>
  </div>
 </body>
</html>
