3667 5475
493 748 553 809 168
746 760 882 805 scaurus
898 757 1179 802 sanssssmsnsrs
1350 738 1396 819 [Δ.
1413 756 1447 803 n.

463 935 570 977 ·num
597 911 881 999 peremptoriarum
908 907 1111 994 apparuisse:
1143 919 1175 971 et
1206 906 1331 993 adjecit,
1359 908 1449 992 quod

490 1016 557 1078 sine
573 1011 778 1097 Wigornensi
793 1013 954 1095 episcopo,
970 1010 1021 1073 cui
1037 1008 1244 1094 condelegata
1257 1021 1326 1072 erat
1341 1031 1447 1074 causae

490 1114 640 1199 cognitio,
654 1127 685 1177 et
709 1136 771 1176 non
794 1113 982 1198 apparebat,
1002 1110 1054 1173 die
1074 1110 1220 1174 condicto
1240 1108 1319 1173 nihil
1340 1110 1448 1174 decer-

490 1239 563 1279 nere
578 1228 716 1301 poterat,
733 1214 783 1276 vel
798 1213 946 1276 debebat.
991 1212 1039 1276 Sit
1063 1210 1173 1297 itaque
1190 1224 1305 1275 vestrae
1328 1211 1445 1277 disere·

491 1316 585 1381 tionis
597 1317 628 1379 in
640 1315 739 1391 brevi,
753 1319 777 1378 si
791 1315 908 1401 placet,
920 1313 1083 1401 saepedicti
1093 1313 1308 1378 archidiaconi
1320 1314 1447 1378 subter·

490 1418 600 1503 fugiis,
624 1417 656 1480 in
683 1416 802 1502 quibus
831 1415 974 1494 confidit,
997 1414 1137 1492 obviare,
1164 1428 1196 1479 et
1227 1414 1447 1481 vexationibus

491 1520 613 1585 tamdiu
628 1516 736 1583 afflicti
751 1520 902 1603 episcopi,
918 1517 1005 1604 pacis
1018 1516 1158 1580 remedio
1173 1517 1351 1582 subvenire.

490 1825 497 1833 ⁴,
545 1760 772 1824 EPISTOLA
796 1737 1006 1823 cxix-n>
1021 1776 1388 1823 asambrunensis.

734 1892 872 1955 Domino
887 1891 993 1971 Papae
1008 1890 1200 1953 Alemondro.

534 2032 711 2089 Anvnnsus
737 2023 909 2086 Osbertum
937 2022 1159 2106 presbyterum
1191 2045 1287 2108 super
1316 2022 1446 2085 eeclesia

490 2126 530 2189 de
545 2125 763 2200 Trichestana,
779 2123 942 2187 Jordanus
960 2124 1045 2207 prior
1060 2123 1205 2188 Acrensis
1219 2124 1358 2189 instituit
1374 2146 1447 2186 con-

490 2229 685 2300 troversiam,
701 2224 808 2287 dicens
822 2248 894 2287 eum
912 2226 1079 2309 praefatam
1097 2213 1255 2290 ecelesiam
1274 2227 1444 2311 possidere,

405 2366 415 2378 ν
491 2350 587 2413 quam
611 2326 677 2389 sine
695 2325 811 2413 prioris
833 2348 974 2407 assensu,
989 2339 1021 2390 et
1043 2325 1173 2391 alterius
1193 2327 1349 2403 advocati,
1365 2328 1446 2392 citra

491 2428 660 2492 solemnem
675 2428 818 2491 ordinem
835 2427 930 2511 juris,
946 2439 978 2491 et
1002 2427 1091 2513 regni
1114 2416 1384 2507 consuetudinem,
1399 2430 1446 2492 in-

490 2523 575 2607 vitis,
599 2518 631 2592 et
655 2527 900 2592 reclamantibus
924 2528 1123 2612 parochianis
1137 2532 1306 2613 ingressus
1330 2530 1446 2593 fuerat.

489 2630 539 2694 Ad
558 2629 625 2695 haec
647 2630 804 2694 Osbertus
820 2653 853 2694 se
875 2630 907 2691 in
924 2630 1056 2692 eandem
1075 2631 1238 2695 ecclesiam
1260 2632 1444 2695 canonicum

487 2736 662 2817 ingressum
677 2729 824 2794 habuisse
837 2729 1013 2815 respondit,
1024 2730 1179 2795 advocato
1188 2731 1302 2797 comite
1313 2733 1444 2798 Waren.

488 2836 593 2918 ipsum
622 2846 846 2919 praesentante,
869 2845 902 2895 et
930 2830 1088 2895 Willelmo
1113 2834 1335 2897 archidiacono
1362 2835 1444 2897 Nor-

488 2938 612 3001 wicensi
647 2936 713 2998 vice
743 2935 883 2998 Ebrardi
917 2935 1009 2999 bonae
1043 2937 1204 3002 memoriae
1236 2936 1444 3001 Norwicensis

487 3039 639 3125 episcopi,
656 3038 888 3115 introducente,
904 3050 936 3101 et
955 3038 982 3100 ei
999 3060 1071 3100 cum
1093 3039 1178 3100 omni
1193 3039 1269 3122 jure
1289 3061 1347 3102 suo
1362 3041 1445 3124 jarn-

488 3141 605 3240 dictam
618 3137 778 3202 ecclesiam
791 3139 993 3202 concedente.
1024 3138 1151 3223 Adjecit
1163 3139 1257 3202 etiarn
1269 3140 1329 3202 hoc
1340 3139 1445 3223 legiti-

489 3262 612 3304 morum
643 3242 770 3303 testium
798 3240 972 3302 assertione
997 3239 1029 3301 in
1056 3237 1227 3323 proesentia
1256 3241 1445 3304 venerabilis

488 3342 596 3405 fratris
619 3337 717 3402 nostri
743 3338 897 3402 Willelmi
921 3340 1130 3404 Norwicensis
1153 3341 1290 3426 episcopi
1313 3364 1345 3403 se
1368 3365 1442 3425 pro·

488 3441 590 3518 basse,
615 3439 704 3525 quod
731 3452 763 3503 et
789 3438 957 3524 episcopus
987 3440 1156 3505 destinatis
1179 3440 1219 3504 ad
1247 3463 1302 3503 nos
1327 3440 1443 3506 litteris

489 3543 677 3607 testabatur.
712 3545 873 3607 Setamen
890 3541 1018 3605 minime
1032 3543 1209 3625 cogendum
1226 3565 1291 3606 esse
1306 3541 1445 3621 dicebat,

489 3660 526 3710 ut
548 3642 751 3729 possessionis
775 3666 841 3706 suae
865 3642 1010 3707 laudaret
1037 3656 1211 3718 auctorem,
1233 3654 1290 3706 aut
1312 3641 1442 3705 titutum

487 3748 618 3821 diceret,
634 3769 736 3833 quum
755 3768 840 3821 reus,
856 3757 888 3808 et
904 3744 930 3807 si
945 3744 1024 3808 nihil
1045 3757 1186 3828 praestet,
1200 3744 1355 3819 obtineat,
1372 3766 1445 3807 auc·
1497 3782 1498 3786 =

488 3864 556 3915 tore
572 3871 633 3912 non
654 3847 822 3932 probante,
837 3844 925 3931 quod
942 3844 1087 3910 intendit.
1135 3847 1242 3922 Quum
1259 3867 1336 3928 ergo
1350 3867 1445 3909 vene·

488 3950 595 4014 rabilis
617 3952 715 4012 frater
737 3960 846 4011 noster
872 3947 1041 4034 episcopus
1067 3946 1272 4011 Cicestrensis
1298 3946 1442 4021 instaret,

488 4063 525 4114 ut
539 4051 637 4133 prior,
652 4049 678 4109 si
701 4048 733 4109 in
754 4071 849 4111 causa
869 4048 966 4113 vellet
987 4049 1169 4134 procedere,
1185 4071 1272 4112 suam
1292 4045 1443 4110 fundaret

487 4151 704 4220 intentionem,
724 4148 878 4230 praefatus
900 4149 1065 4235 presbyter
1087 4149 1127 4212 ad
1151 4163 1287 4212 vestram
1313 4148 1443 4212 audien·

487 4254 563 4316 tiam
580 4247 762 4333 appellavit,
778 4250 862 4312 diem
882 4251 1060 4335 praefiniens
1077 4242 1275 4317 Dominicam
1294 4271 1443 4336 quaeso,

488 4346 620 4420 tabitur,
639 4346 768 4410 Laetare
783 4345 1000 4412 Hierusalem.
