3667 5475
399 758 599 840 1159-64]
787 775 966 820 amsrota.
1287 760 1348 821 135

395 928 506 993 vellem
522 929 669 1012 ignarum
687 927 789 991 rocari
804 949 825 989 a
839 925 988 988 Domino.
1025 929 1121 990 Nunc
1135 938 1253 1001 autem,
1270 925 1346 1008 quia

394 1032 422 1094 ei
437 1030 531 1094 aliter
546 1032 649 1093 visum
667 1043 727 1109 est,
741 1043 773 1093 et
795 1050 930 1112 puerum
954 1049 1048 1090 suum
1073 1027 1345 1091 Bartholomaeum

393 1132 514 1195 consilii
544 1133 593 1195 sui
628 1155 685 1216 per
715 1130 817 1193 multa
845 1128 964 1192 indicia
992 1130 1151 1192 conscium
1187 1128 1343 1204 fecerunt,

393 1233 524 1296 consulo
539 1234 626 1319 quod
641 1235 860 1296 consulueram
876 1244 961 1308 ante,
976 1230 1095 1294 scilicet
1110 1254 1149 1294 ue
1170 1231 1346 1315 praevenias

393 1335 616 1409 invitaturum,
647 1358 686 1397 ne
714 1332 871 1417 despicias
899 1333 1098 1396 invitantem,
1150 1335 1185 1398 Si
1214 1332 1344 1408 dixerit,

392 1436 525 1500 ascende
556 1438 713 1522 superius,
741 1436 928 1520 obtempera
955 1436 1103 1521 jubenti:
1141 1435 1188 1499 sin
1223 1450 1343 1511 autem,

393 1539 471 1602 dum
498 1540 526 1602 ei
549 1539 718 1624 placuerit,
740 1558 891 1623 permane
913 1542 946 1600 in
972 1562 1009 1600 ea
1032 1538 1194 1602 vocatione
1219 1539 1251 1601 in
1278 1560 1345 1623 qua

394 1653 525 1704 vocatus
542 1664 588 1706 es.
632 1641 714 1702 Nam
734 1640 863 1722 jubenti
887 1639 1077 1702 descendere
1098 1640 1345 1723 obtemperabis.

395 1741 506 1805 Unum
529 1756 577 1806 est
601 1742 689 1827 quod
714 1742 755 1804 ad
782 1740 1002 1803 redimendum
1027 1742 1180 1816 savorem,
1196 1741 1222 1803 si
1242 1741 1342 1815 deest,

391 1842 521 1907 consulo
538 1843 655 1907 scilicet
681 1857 713 1906 te
736 1842 842 1919 facias,
857 1864 920 1904 non
947 1856 984 1905 ut
1008 1842 1145 1914 simules,
1172 1840 1342 1904 meliorem.

394 1943 491 2018 Quod
507 1944 533 2007 si
547 1944 678 2007 virtutis
692 1944 766 2006 odio
785 1943 945 2028 displices,
961 1965 1021 2006 non
1046 1943 1139 2007 multi
1155 1944 1252 2006 facias
1277 1942 1343 2027 pla·

393 2069 475 2125 cere,
488 2048 608 2131 quibus
622 2046 691 2131 ipsa
705 2045 863 2130 displicet,
881 2045 941 2109 nisi
956 2045 1053 2109 facias
1069 2062 1104 2110 ut
1117 2047 1187 2131 ipsa
1204 2045 1344 2131 compla-

344 2152 352 2167 '
393 2163 471 2213 cent,
518 2150 708 2235 Opportune
729 2162 834 2213 tamen
857 2149 973 2222 omnia,
990 2170 1109 2210 memor
1130 2149 1210 2232 ejus,
1226 2146 1283 2231 qui
1306 2159 1343 2210 ut

392 2274 501 2316 omnes
516 2250 595 2315 lucri
612 2251 741 2326 faceret,
756 2250 904 2313 omnibus
919 2249 1024 2312 omnia
1038 2249 1143 2312 factus
1162 2261 1221 2313 est.
1269 2246 1341 2309 Non

393 2366 440 2415 est
455 2353 538 2415 enirn
554 2374 573 2414 a
592 2351 749 2435 praecipiti
773 2363 805 2413 et
832 2350 971 2435 abrupto
994 2348 1146 2413 initianda
1169 2350 1340 2412 correctio:

392 2454 553 2518 dehortari
568 2468 687 2529 autem,
703 2475 743 2516 na
758 2453 866 2538 aliqua
880 2476 920 2515 ex
936 2475 1029 2515 causa
1049 2452 1256 2538 promotionis
1277 2464 1343 2514 tuae

392 2555 571 2640 pactionem
585 2556 683 2634 ineas,
696 2554 891 2640 superfluum
904 2556 978 2631 scio,
995 2557 1142 2641 quoniam
1159 2553 1235 2618 mihi
1249 2566 1344 2618 notus

392 2679 436 2736 es,
452 2678 509 2719 nec
523 2656 563 2719 de
584 2656 841 2720 archidiaconatu
865 2656 898 2718 in
923 2657 1022 2721 filium
1049 2656 1213 2740 Hardingi
1237 2653 1344 2719 confe-

393 2757 502 2832 rendo,
519 2762 685 2834 movearis,
701 2759 851 2843 quoniam
871 2781 981 2822 rumor
996 2781 1096 2821 vanus
1110 2771 1168 2837 est,
1184 2756 1240 2843 qui
1263 2756 1344 2820 mul-

395 2873 444 2924 tos
457 2860 647 2946 plerumque
668 2860 829 2925 sollicitat.
871 2861 904 2924 Si
922 2861 1050 2947 quidem
1070 2875 1241 2951 antequam
1263 2859 1345 2946 epis·

392 2985 491 3048 copus
523 2965 574 3039 sis,
606 2962 724 3025 nullius
753 2962 944 3026 auctoritate
973 2962 1025 3025 alii
1053 2963 1201 3028 dabitur:
1241 2984 1343 3048 quum

392 3067 558 3153 episcopus
577 3066 687 3141 fueris,
705 3079 797 3129 tuum
814 3067 875 3129 erit
899 3069 1003 3151 ipsum
1029 3066 1104 3129 dare
1128 3065 1179 3130 cui
1196 3066 1343 3130 volueris.

392 3169 504 3230 Preces
518 3166 601 3230 forte
624 3166 832 3245 interimant
856 3181 966 3252 postea
981 3168 1102 3247 audies,
1116 3166 1170 3230 sed
1187 3179 1223 3230 ut
1246 3189 1343 3230 exau-

392 3266 471 3347 dias,
486 3291 526 3331 ex
542 3281 610 3346 tuo,
624 3290 686 3330 non
703 3291 742 3331 ex
758 3268 861 3332 alieno
885 3268 1036 3353 pendebit
1060 3269 1202 3334 arbitrio.
1248 3268 1344 3343 Quod

393 3369 417 3431 si
443 3369 652 3454 trepidaveris
675 3370 732 3433 ubi
758 3392 819 3433 non
847 3384 894 3434 est
920 3371 1027 3445 timor,
1050 3371 1226 3457 increpabit
1251 3386 1283 3436 te
1305 3375 1344 3451 is,

395 3470 497 3556 cujus,
518 3484 648 3533 auctore
673 3470 823 3548 Domino,
844 3472 987 3536 minister
1010 3473 1140 3538 futurus
1161 3498 1205 3550 es,
1226 3475 1346 3562 quibus

395 3574 576 3656 increpatus
591 3583 639 3634 est
656 3572 770 3648 verbis,
786 3575 925 3638 Modicae
939 3576 1038 3657 fidei,
1053 3596 1154 3656 quare
1171 3578 1345 3643 dubitasti?

398 3673 436 3734 In
454 3693 576 3735 summa
592 3673 756 3737 consilium
774 3688 866 3739 tuum
879 3699 918 3738 ex
935 3698 1049 3761 magna
1064 3677 1200 3761 partein
1216 3677 1345 3741 domiuo

395 3772 630 3859 archiepiscopo
645 3788 704 3849 est,
721 3777 771 3839 cui
795 3781 881 3842 Deus
905 3776 995 3842 dedit
1017 3778 1084 3863 jam
1109 3775 1344 3863 aliquantulum

395 3873 620 3954 convalescere,
637 3890 670 3940 ut
687 3877 744 3940 tibi
764 3878 862 3963 possit
877 3879 1050 3942 consulere.
1098 3880 1170 3942 Sinc
1190 3902 1227 3942 eo
1250 3903 1345 3968 super

396 3976 455 4039 hoc
477 3976 554 4040 nihii
578 3977 684 4058 facies,
706 3979 860 4063 quicquid
886 3977 1004 4042 faciant
1030 3978 1086 4042 filii
1114 3979 1226 4059 Belial,
1251 3997 1287 4047 tu
1314 3999 1345 4051 et

395 4076 451 4142 filii
467 4079 554 4163 pacis
569 4079 609 4141 od
626 4079 709 4143 diem
728 4081 911 4158 vocationis,
923 4079 1003 4145 sicut
1018 4081 1109 4145 vobis
1124 4087 1346 4172 prescriptum

395 4193 452 4259 est,
476 4180 618 4244 venietis.
664 4184 799 4246 Veniant
821 4197 927 4248 autem
955 4206 1028 4248 cum
1049 4186 1181 4262 caeteris,
1202 4203 1257 4253 aut
1279 4213 1345 4276 prae

395 4283 516 4347 crateris
532 4283 683 4367 magister
707 4287 745 4347 B.
761 4285 846 4350 filius
876 4285 1038 4350 Reinfrcdi
1066 4303 1220 4372 peccator,
1238 4288 1348 4353 frater-

395 4383 486 4448 culus
514 4407 615 4460 meus,
642 4398 674 4448 ct
704 4388 900 4474 quicumque
931 4402 1109 4452 nostrorum
1137 4407 1221 4466 sunt,
1248 4392 1347 4455 immo
