3667 5475
429 739 494 798 aot
698 749 833 794 Joasurs
849 748 1125 795 saussaamauns
1279 728 1340 809 Ῑ[Δ.
1357 735 1402 793 u‘.

430 904 582 968 lesceutia
604 902 714 985 ipsius,
737 923 810 985 quae
836 901 979 964 noudum
1011 909 1089 977 erat,
1113 903 1323 984 sperabatur;
1360 911 1398 963 et

434 1003 521 1089 quod
537 1003 577 1066 dc
592 1024 673 1085 pace
688 1000 771 1068 inter
792 1003 898 1086 ipsum
922 1012 955 1065 et
973 1024 1079 1083 regem
1095 1002 1297 1066 reformanda
1313 1024 1397 1065 con·

435 1116 576 1182 venerat,
599 1104 689 1167 etde
711 1125 760 1166 me
783 1105 1025 1167 reconciliando
1048 1105 1168 1167 mentio
1189 1104 1304 1167 habita
1324 1095 1396 1167 esti

434 1208 518 1271 etin
541 1206 626 1267 hunc
647 1204 778 1267 modurn
799 1207 902 1292 plura,
925 1206 957 1268 iu
982 1205 1102 1286 quibus
1124 1207 1228 1268 amico
1250 1207 1394 1287 gessistis

435 1326 565 1370 morem.
595 1306 745 1367 Latorem
760 1306 964 1388 praesentium
982 1305 1023 1367 ad
1041 1328 1098 1367 ros
1113 1328 1215 1389 usquc
1231 1305 1391 1369 transmisi

435 1419 471 1471 ut
494 1428 532 1470 eo
554 1407 761 1468 intermeante
784 1428 835 1467 me
858 1406 897 1467 dc
921 1404 1095 1488 praedictis
1118 1418 1150 1468 et
1173 1408 1390 1491 caeterisquae

436 1519 552 1573 statum
569 1519 705 1571 restrum
722 1508 922 1588 contingunt,
938 1519 993 1569 aut
1008 1509 1185 1590 publicum,
1199 1530 1257 1590 por
1271 1509 1389 1571 litteras

437 1623 558 1674 vestras
581 1612 607 1672 si
630 1611 738 1692 placet
759 1609 901 1671 reddatis
924 1611 1102 1672 certiorem.
1156 1598 1388 1692 Obtempcrans

437 1724 543 1775 autem
564 1723 668 1775 restro
695 1711 843 1787 consilio,
863 1710 903 1773 de
925 1710 1083 1773 industria
1110 1712 1204 1773 talem
1228 1710 1315 1783 misi,
1339 1712 1390 1794 qui

437 1814 519 1877 nulli
541 1814 581 1874 sit
603 1812 688 1895 apud
704 1833 770 1889 roc,
791 1823 846 1874 aut
867 1803 981 1894 paucis
1002 1820 1108 1890 notus,
1123 1821 1155 1873 et
1170 1811 1250 1873 mihi
1266 1810 1390 1874 et'meis

437 1915 470 1976 in
487 1914 636 1977 omnibus
656 1912 760 1977 fidelis
781 1912 930 1973 inventus
953 1924 1008 1974 est.
1056 1911 1239 1994 Injunctum
1264 1924 1314 1974 est
1337 1912 1390 1989 illi,

438 2025 474 2077 ut
503 2013 590 2096 apud
620 2012 784 2075 dominum
815 2012 1005 2094 episcopum
1036 2024 1124 2091 gerat
1153 2012 1319 2090 negotium
1344 2012 1389 2073 M.

439 2115 561 2178 Galteri
590 2114 698 2175 clerici
725 2113 847 2174 domini
872 2112 1055 2189 Reurensis,
1081 2131 1139 2194 pru
1166 2111 1391 2193 recuperandis

437 2215 530 2276 libris
560 2234 640 2297 quos
670 2212 754 2274 idem
781 2213 943 2274 Walterus
974 2213 1132 2293 Magistro
1158 2210 1254 2283 Petro
1286 2214 1390 2276 Helian

438 2314 728 2377 commendaverat.
773 2314 823 2375 De
847 2314 965 2394 quibus
983 2314 1150 2403 vobiscum
1170 2314 1300 2376 locutus
1322 2335 1390 2377 sum

439 2414 524 2497 apud
554 2413 765 2494 andegavim,
790 2425 821 2477 et
847 2414 1122 2477 commonitorium
1148 2403 1234 2494 dedi.
1279 2402 1390 2498 Ipsum

436 2518 544 2599 itaque
556 2526 706 2600 tanquam
719 2537 852 2599 puerum
869 2514 909 2577 de
926 2516 1020 2578 domo
1035 2516 1205 2577 Remeusis
1217 2501 1390 2599 archiepis·

438 2620 513 2702 copi
535 2629 668 2681 tractare
691 2618 847 2701 poteritis,
869 2628 904 2679 ut
930 2628 1057 2699 tempus
1083 2628 1251 2706 exposcet,
1276 2617 1334 2680 sed
1357 2626 1392 2680 ut

439 2720 504 2784 cito
519 2720 705 2795 remittatur,
715 2719 818 2799 exigit
832 2718 995 2781 continuae
1008 2717 1232 2781 sollicitudinis
1245 2720 1393 2784 stimulus

439 2822 553 2884 animus
570 2844 648 2884 mero
665 2821 804 2903 quietem
826 2822 999 2901 denegans,
1015 2822 1117 2883 donec
1138 2821 1260 2904 aliquid
1276 2818 1393 2904 certius

439 2923 479 2986 de
509 2924 683 3007 promissis
708 2943 891 3003 agnoscam.
939 2921 970 2981 Si
1000 2943 1084 2994 vcro,
1109 2921 1196 3004 quod
1221 2925 1394 3005 plurimum

440 3025 597 3100 desidem,
623 3025 664 3087 ud
688 3026 841 3086 honorem
866 3023 929 3085 Dei
950 3033 982 3084 et
1001 3024 1146 3085 ecclcsiae
1169 3044 1236 3104 pax
1260 3024 1394 3087 domino

440 3127 593 3208 episcopo
613 3129 779 3187 reformata
800 3134 897 3187 estet
921 3126 1088 3207 completa,
1110 3146 1182 3206 quoe
1203 3127 1394 3206 sperabatur

438 3227 613 3309 implenda,
628 3229 762 3309 qualiter
777 3227 809 3286 in
834 3227 991 3288 electione
1010 3226 1187 3308 juratorum
1202 3248 1393 3308 processum

440 3327 492 3401 sit,
504 3339 535 3387 et
551 3328 583 3386 in
596 3328 711 3408 quibus
724 3326 840 3387 linibus
857 3348 954 3388 causa
970 3327 1101 3401 steterit,
1112 3327 1191 3387 mihi
1207 3325 1395 3408 diligentius

395 3428 397 3432 ’
440 3428 673 3488 recurrentibus
687 3425 800 3488 litteris
815 3430 927 3489 vestris
944 3431 1071 3509 placcat
1086 3428 1278 3505 significare.
1311 3431 1397 3492 Nam

440 3528 519 3611 quid
535 3528 702 3604 timuerim,
717 3529 814 3589 immo
836 3529 912 3611 quid
935 3530 1074 3604 timeam,
1095 3530 1128 3590 in
1149 3531 1299 3591 omnibus
1321 3532 1397 3593 arti-

441 3628 524 3692 culis
547 3631 662 3692 oblatac
687 3628 881 3690 conditionis
903 3630 1107 3712 perspicuum
1131 3631 1189 3691 erit
1205 3631 1393 3705 extinctis,

441 3753 521 3816 quas
537 3731 669 3793 domino
691 3731 845 3810 episcopo
866 3730 947 3791 misi.
994 3732 1163 3792 Neminem
1187 3742 1292 3793 tamen
1309 3733 1394 3794 arbi-

439 3843 505 3895 tror
533 3834 721 3914 sapientem,
753 3831 807 3913 qui
845 3831 1030 3894 dissuadeat
1067 3854 1191 3914 pacem,
1223 3855 1293 3916 quae
1322 3833 1395 3896 fieri

439 3947 544 4016 potest
559 3937 590 3996 in
609 3935 759 4008 Domina,
776 3945 808 3994 et
823 3946 895 3995 aute
910 3934 1101 3995 himerinum
1117 3935 1211 4011 diem,
1228 3935 1395 3997 honestati

439 4057 503 4095 nou
520 4037 663 4114 derogat:
680 4037 736 4096 liat
747 4036 868 4096 utinam
886 4056 951 4115 pax
968 4057 1040 4097 cum
1057 4037 1156 4097 salute
1174 4036 1394 4114 conscientiae,

439 4143 471 4194 et
492 4134 673 4211 integritate
696 4138 787 4196 tamae
811 4136 842 4196 in
866 4136 1129 4212 diebuS1rostriS‚
1155 4136 1211 4198 sed
1234 4159 1307 4220 quae
1329 4159 1393 4201 uec

439 4234 633 4295 simulatoria
653 4235 694 4294 sit
713 4255 772 4297 nec
794 4251 1028 4316 momentanea,
1048 4237 1161 4298 horum
1185 4248 1292 4300 tamen
1313 4259 1395 4300 neu·

437 4349 518 4398 trum
548 4335 581 4395 in
612 4335 703 4396 vobis
734 4345 790 4396 est.
846 4339 931 4427 itiam
963 4342 1096 4402 alterum
1128 4341 1168 4400 ab
1200 4339 1396 4414 adversario,
