3667 5475
546 763 610 823 eae
806 772 943 819 soauurs
959 768 1236 820 saansenxruusrs
1374 813 1382 846 Ι.
1413 754 1461 838 [a.
1476 772 1503 820 n.

548 939 627 993 trmc
667 935 838 1009 presentes
870 935 983 1007 postea
1021 926 1202 1003 retulerunt,
1229 926 1418 991 lacrimatue
1447 936 1502 1001 est,

548 1028 662 1093 dicens
676 1026 765 1111 quod
780 1025 866 1089 idem
878 1024 1128 1104 cantuariensis,
1138 1026 1168 1090 ei
1184 1046 1303 1110 corpus
1318 1034 1352 1091 et
1365 1026 1503 1092 animam

547 1129 665 1214 pariter
679 1128 832 1192 auferret:
856 1126 984 1191 tandem
1001 1124 1086 1191 dixit
1100 1127 1189 1211 quod
1203 1148 1314 1191 omnes
1325 1126 1504 1210 proditores

547 1240 648 1307 crant,
663 1230 720 1314 qui
736 1251 808 1293 eum
825 1229 971 1293 adhibita
985 1250 1085 1312 opera
1102 1241 1134 1292 et
1156 1228 1322 1312 diligentia
1342 1230 1387 1294 ah
1410 1229 1504 1294 unius

545 1330 685 1394 hominis
713 1330 917 1392 infestatione
947 1330 1102 1393 nolebant
1132 1329 1297 1413 expedire.
1350 1328 1406 1398 Ad
1433 1324 1502 1396 hsce

547 1429 696 1493 dominus
707 1428 977 1509 Rothomagensis
991 1428 1225 1512 aliquantulum
1235 1428 1423 1508 excanduit,
1435 1450 1502 1493 cor·

543 1531 666 1615 ripiens
677 1552 761 1609 eum,
771 1530 880 1594 mitius
895 1539 1003 1594 tamen
1016 1550 1102 1595 more
1115 1552 1173 1594 suo
1184 1530 1220 1593 in
1229 1531 1343 1614 spiritu
1352 1529 1503 1607 lenitatis,

544 1653 643 1717 quum
659 1654 757 1696 causa
778 1632 843 1695 Dei
857 1630 960 1713 magis
980 1631 1135 1713 exigeret,
1150 1632 1349 1696 severitatem
1371 1641 1406 1698 et
1427 1650 1501 1696 auc·

542 1736 699 1799 toritatem
731 1732 896 1818 pontificis
926 1732 1038 1796 morbo
1067 1732 1262 1814 languentis,
1290 1732 1439 1808 rationis,
1467 1740 1498 1795 et

542 1834 619 1901 fidei
642 1836 741 1901 fuisse
763 1834 953 1899 adhibitam.
998 1833 1079 1898 Erat
1104 1845 1210 1899 autem
1233 1833 1326 1898 dolor
1347 1834 1499 1909 acerbior,

540 1948 672 2020 urgente
688 1947 785 2014 metu,
800 1957 895 2020 quem
911 1946 1105 2018 conceperat
1118 1956 1159 1999 ex
1181 1935 1294 1999 litteris
1316 1956 1397 2019 quas
1413 1934 1496 2019 jam·

540 2040 648 2102 dictus
671 2038 913 2104 cantuariensis
939 2037 990 2101 illi
1011 2048 1043 2101 et
1064 2038 1157 2101 matri
1179 2058 1246 2100 suae
1271 2036 1495 2102 transmiserat

539 2138 661 2201 Earum
691 2138 876 2218 exemplum
905 2136 997 2199 vobis
1026 2135 1259 2201 transmittitur.
1307 2136 1496 2202 Timebetur

540 2237 680 2321 quidem,
696 2249 729 2301 et
742 2234 878 2300 merito:
907 2258 949 2299 ne
963 2237 997 2300 in
1012 2247 1126 2304 terram
1141 2237 1212 2321 ejus
1227 2236 1401 2315 interdicti,
1416 2247 1449 2302 et
1461 2238 1495 2300 in

538 2358 710 2421 personam
725 2338 938 2402 anathematis
953 2338 1112 2401 sententia
1130 2338 1283 2402 citissime
1297 2338 1440 2417 ferretur,
1454 2359 1495 2404 ex

537 2438 724 2504 auctoritate
757 2451 790 2503 et
823 2437 975 2502 mandato
1005 2440 1121 2503 summi
1152 2439 1329 2521 pontilicis.
1388 2440 1493 2514 Quum

536 2539 634 2621 igitur
646 2540 696 2605 his
711 2540 867 2622 angustiis
888 2551 1116 2623 premerentur,
1131 2539 1344 2605 Lexoviensis
1365 2541 1490 2624 epieco-

536 2662 600 2724 pus
617 2642 748 2707 unicum
772 2642 856 2706 dixit
880 2662 950 2705 esse
974 2641 1161 2717 remedium,
1176 2642 1398 2708 imminentem
1421 2664 1491 2708 sen·

536 2744 668 2808 tentiam
698 2744 924 2828 appellationis
953 2745 1121 2808 obstaculo
1150 2744 1346 2829 praepedire:
1387 2756 1422 2809 et
1446 2746 1491 2810 ita

535 2847 646 2909 nescio
675 2868 739 2930 quo
764 2857 871 2929 pacto,
897 2845 961 2908 nisi
991 2847 1066 2929 quia
1091 2846 1208 2910 veritas
1236 2847 1391 2911 ventilata
1417 2848 1489 2930 plus

534 2947 646 3028 pollet,
656 2957 690 3010 et
699 2948 833 3032 justitia,
845 2967 910 3030 quo
925 2945 1028 3027 magis
1043 2947 1233 3024 concutitur,
1244 2967 1283 3009 eo
1297 2947 1402 3028 magis
1413 2967 1489 3013 cou-

534 3051 679 3128 valescit,
694 3051 770 3114 dum
791 3071 849 3113 rex
870 3069 929 3131 per
950 3049 1051 3113 avitas
1073 3048 1324 3111 consuetudines
1346 3049 1488 3134 appella·

533 3149 657 3213 tionum
672 3151 728 3234 jus
748 3171 901 3215 evacuare
922 3158 1065 3228 conatur,
1086 3150 1188 3231 magis
1209 3149 1390 3225 confirmat,
1412 3149 1488 3215 dum

531 3249 670 3330 ipsemet
684 3271 742 3333 pro
757 3252 863 3332 capite
880 3272 938 3313 suo
954 3247 996 3313 ad
1016 3251 1202 3333 appellandi
1224 3250 1383 3333 refugium
1399 3251 1487 3335 cogi·

532 3359 584 3411 tur
598 3351 731 3412 evolare.

576 3449 632 3512 Ab
655 3450 712 3514 illo
727 3471 802 3530 ergo
818 3451 960 3514 concilio
976 3452 1094 3533 egressi
1119 3461 1193 3515 sunt
1216 3472 1235 3515 a
1256 3449 1338 3514 facie
1362 3448 1488 3516 domini

533 3560 565 3615 et
589 3551 675 3632 regis
700 3550 750 3614 sui
776 3551 986 3615 Lexoviensis
1011 3561 1044 3615 et
1070 3552 1233 3633 Sagiensis
1257 3541 1419 3635 episcopi,
1444 3551 1486 3617 ad

531 3654 741 3737 saepedictum
761 3653 1026 3718 Cantuariensem
1050 3665 1270 3737 properantes,
1284 3662 1321 3716 ut
1343 3654 1485 3736 appella·

528 3755 617 3819 tione
640 3754 831 3837 interposita
845 3774 945 3837 usque
969 3753 1011 3816 ad
1026 3755 1164 3818 Octavas
1192 3755 1323 3818 Paschae
1348 3775 1483 3838 suspen·

530 3856 643 3922 darent
657 3857 845 3922 sententiam
863 3857 939 3940 ejus
980 3856 1250 3938 Rothomagensis
1264 3875 1393 3940 quoque
1408 3877 1483 3920 cum

528 3959 575 4020 eis
589 3961 751 4042 proiectus
765 3968 825 4029 est,
844 3978 907 4020 non
924 3958 1054 4041 quidem
1069 3960 1296 4041 appellaturus
1308 3969 1344 4022 ut
1359 3958 1415 4035 ait,
1425 3957 1483 4021 sed

528 4057 568 4120 de
594 4081 675 4142 pace
704 4080 798 4142 quam
823 4055 1026 4123 desiderabat
1054 4070 1256 4124 tractaturus·
1300 4060 1484 4143 Archiepis-

526 4178 628 4239 copus
654 4177 728 4220 vero
753 4168 862 4221 noster
886 4160 920 4222 in
950 4160 1118 4243 procinctu
1144 4159 1284 4224 ferendae
1312 4160 1482 4223 sententiae

525 4256 727 4327 constitutus,
757 4256 817 4318 iter
845 4259 1020 4341 arripuerat
1048 4260 1089 4323 ad
1118 4261 1229 4324 urbem
1259 4258 1481 4336 Suessionum,

522 4357 818 4436 orationiscausaut
826 4359 1169 4443 beatoeVirgini,cujus
1178 4359 1223 4422 ibi
1231 4358 1477 4435 memoriacele·
