3667 5475
538 810 604 869 326
799 816 936 866 mannis
951 816 1229 863 ssuusnnarnusrs
1404 802 1493 882 [au.

546 984 655 1059 pertus
669 975 731 1037 hoc
746 974 873 1055 loquor,
888 981 921 1034 ct
939 970 1051 1053 paucis
1070 970 1243 1046 obnoxius,
1259 972 1379 1054 quibus
1393 970 1498 1053 utique

544 1087 633 1139 tanto
648 1073 776 1137 arctiori
785 1072 915 1135 vinculo
929 1070 1088 1151 obligatus
1104 1092 1186 1149 sum,
1196 1082 1318 1155 quanto
1333 1072 1497 1136 sinceritas

545 1176 623 1240 fidei
638 1196 745 1239 eorum
761 1172 926 1257 probatior
940 1194 982 1235 ex
998 1172 1177 1255 perspicuis
1191 1172 1323 1237 indiciis
1338 1174 1499 1250 enitescit;

545 1277 652 1340 sedin
666 1275 777 1359 primis
798 1275 911 1337 borum
934 1273 1029 1336 nobis
1048 1273 1161 1336 merita
1175 1283 1280 1337 vestra
1302 1275 1498 1357 praecipuum

546 1376 662 1440 dedere
684 1376 804 1453 locum,
819 1385 851 1437 et
866 1378 894 1437 si
915 1376 973 1437 illa
992 1371 1205 1437 discutiantur
1226 1374 1270 1437 ad
1291 1396 1419 1458 purum,
1430 1374 1499 1457 jure

546 1489 579 1542 et
606 1477 720 1541 merito
751 1475 887 1539 dixerim
914 1475 1062 1559 primum.
1114 1477 1222 1539 Multa
1247 1487 1324 1539 sunt
1354 1476 1440 1540 enim
1468 1487 1498 1540 et

546 1600 672 1661 magna,
688 1589 720 1641 et
733 1577 820 1641 unde
835 1579 1015 1641 clarescunt
1037 1577 1138 1659 magis
1158 1578 1339 1641 necessaria
1355 1598 1452 1661 saepe,
1466 1584 1500 1640 ut

547 1702 681 1765 quorum
701 1700 777 1742 usus
796 1678 956 1761 frequens,
976 1677 1042 1740 imo
1066 1677 1274 1761 quotidianus
1291 1688 1352 1755 est,
1368 1680 1498 1759 gratiam

541 1782 663 1866 jugiter
691 1780 732 1843 ad
765 1780 951 1861 largientem
981 1789 1097 1860 cogant
1126 1780 1245 1860 augeri,
1269 1780 1354 1841 nihil
1380 1778 1502 1843 excidit

548 1882 761 1957 ememoria3
784 1882 824 1944 de
839 1880 994 1943 universis
1017 1890 1049 1942 et
1071 1880 1206 1959 singulis
1227 1881 1345 1962 gratias
1366 1902 1439 1963 ago,
1457 1902 1502 1944 re·

547 1995 664 2067 putans
679 1983 772 2046 etiam
788 1982 844 2045 illa
863 1982 944 2044 mihi
960 2004 979 2045 a
994 1991 1098 2045 vestra
1114 1982 1303 2046 liberalitate
1324 2005 1397 2048 esse
1412 1983 1501 2047 exhi·

547 2086 625 2163 bita,
641 2106 713 2167 quae
729 2106 772 2147 ex
786 2083 942 2147 relatione
960 2084 1067 2148 nuntii
1087 2084 1161 2165 mei,
1176 2096 1207 2148 et
1223 2096 1400 2149 vestrarum
1414 2084 1500 2148 testi·

546 2188 655 2250 monio
675 2187 850 2248 litterarum
866 2186 1011 2248 voluistis
1031 2196 1063 2248 et
1082 2186 1283 2268 praecepistis
1297 2187 1377 2250 meis
1392 2186 1502 2249 usibus

548 2286 703 2349 exhiberi.
764 2285 884 2347 Nescio
915 2286 1001 2348 enim
1031 2307 1095 2369 qua
1121 2288 1236 2350 secreti
1266 2287 1501 2370 dispensatione

550 2386 675 2448 consilii
690 2383 812 2448 amicus
832 2395 864 2447 et
884 2385 991 2448 socius
1011 2407 1102 2449 meus
1120 2386 1278 2467 Magister
1292 2387 1334 2449 G.
1349 2387 1502 2450 mandato

549 2495 654 2549 vestro
676 2507 742 2549 non
765 2486 881 2568 paruit,
896 2487 1086 2550 subtrahens
1108 2498 1163 2551 aut
1183 2487 1334 2551 differens
1349 2488 1503 2550 auxilium

551 2589 636 2675 quod
653 2598 757 2651 vestra
779 2586 910 2651 dilectio
931 2588 1118 2652 necessitati
1139 2610 1218 2652 meae
1239 2600 1271 2652 et
1289 2609 1434 2653 meorum
1449 2588 1502 2652 de·

550 2698 691 2756 creverat
714 2686 943 2752 exhibendum
988 2688 1065 2750 Non
1089 2688 1174 2751 enim
1197 2689 1291 2753 facile
1312 2689 1505 2776 'crediderim

550 2791 637 2874 quod
651 2790 706 2853 ille
721 2798 835 2872 praeter
855 2788 1002 2850 meritum
1021 2810 1127 2852 meum
1143 2800 1176 2853 et
1190 2802 1303 2854 contra
1318 2792 1505 2874 opinionem

552 2893 694 2956 omnium
714 2891 775 2952 hoc
798 2889 919 2966 fecerit,
934 2899 970 2950 ut
992 2887 1070 2952 mihi
1090 2902 1217 2970 noceat,
1231 2891 1288 2954 sed
1312 2893 1422 2976 aliqua
1442 2892 1507 2955 dis·

551 2994 749 3076 pensatione,
765 2991 857 3074 cujus
871 2992 1027 3054 rationem
1048 2993 1172 3074 ignoro,
1187 3004 1325 3057 vestrum
1340 2994 1510 3077 suspendit

551 3095 758 3172 beneficium,
773 3093 831 3156 sed
852 3093 1033 3156 devotionis
1049 3116 1128 3156 meae
1151 3095 1274 3172 advos,
1290 3107 1322 3160 et
1337 3098 1508 3179 gratiarum

553 3197 688 3261 actionis
717 3217 811 3258 nemo
849 3193 1024 3278 suspendet
1053 3197 1215 3258 affectum.
1268 3199 1405 3261 Gaudeo
1435 3219 1509 3261 vero

554 3296 641 3380 quod
665 3317 763 3378 quum
789 3296 935 3378 episcopi
957 3295 1016 3358 sub
1039 3297 1261 3380 appellationis
1283 3299 1417 3361 obtentu
1439 3302 1507 3363 lau·

554 3418 685 3478 guorem
716 3396 860 3458 ecclesiae
887 3418 959 3479 quae
986 3409 1114 3462 auctore
1140 3400 1282 3463 Domino
1307 3402 1510 3465 convalescet

554 3500 588 3560 in
610 3498 708 3574 brevi,
731 3496 921 3559 studuerunt
941 3502 1109 3581 protelare,
1129 3523 1194 3582 vos,
1218 3510 1252 3563 ut
1274 3498 1381 3581 audio,
1403 3502 1508 3565 tendi·

555 3603 644 3665 culas
661 3623 769 3664 eorum
794 3601 931 3682 eleganti
946 3603 1086 3665 veritatis
1109 3615 1140 3666 et
1156 3604 1290 3686 justitiae
1313 3605 1508 3686 compendio

555 3704 749 3776 declinastis,
766 3712 801 3765 ut
822 3723 882 3764 nec
906 3705 1067 3785 poneretis
1089 3726 1163 3767 cum
1184 3706 1305 3788 iniquis
1327 3706 1508 3789 portionem

555 3805 694 3882 malitiae,
708 3825 767 3867 nec
784 3805 826 3866 sit
848 3804 935 3886 quod
958 3812 1032 3867 ante
1055 3807 1225 3888 provinciae
1248 3807 1402 3889 praesides
1417 3807 1510 3869 robis

555 3906 677 3989 dejure
693 3904 808 3968 debeat
818 3904 977 3987 imputari.
1010 3909 1064 3970 Illi
1079 3909 1272 3990 scn'pseruut
1287 3920 1319 3972 et
1332 3908 1512 3992 praedicant

556 4007 643 4088 quod
664 4028 722 4070 rex
745 4007 839 4070 dulce
863 4017 956 4089 putat
978 4010 1169 4092 obsequium
1193 4032 1291 4093 quum
1314 4021 1460 4073 monetur
1474 4021 1512 4073 ut

555 4106 691 4185 corrigat
713 4106 740 4169 si
761 4108 839 4188 quid
856 4108 1029 4192 deliquerit
1049 4112 1084 4172 in
1108 4109 1293 4174 Dominum.
1339 4112 1512 4194 Numquid

554 4206 635 4270 adeo
658 4209 816 4270 excoecati
841 4219 914 4272 sunt
941 4223 977 4274 ut
1003 4234 1075 4275 eum
1101 4211 1248 4275 dubitent
1272 4214 1333 4276 hac
1360 4213 1512 4277 ecclesiae

554 4308 733 4385 vexatione,
759 4319 791 4371 et
813 4310 1033 4388 innocentum,
1059 4323 1095 4377 ut
1117 4313 1157 4377 de
1181 4315 1253 4378 aliis
1276 4326 1411 4391 taceam,
1437 4338 1512 4399 par·

555 4415 708 4490 culorum,
731 4420 761 4473 et
782 4411 947 4475 mulierum
972 4415 1206 4499 proscriptione
1229 4416 1436 4500 delinquere3
1461 4421 1513 4482 vel
