3667 5475
443 796 507 856 att
704 810 841 856 scaurus
856 806 1137 855 uaraerneusrs
1303 790 1349 871 [a.
1366 809 1394 853 n.

444 1070 663 1137 EPISTOLA
687 1071 963 1137 existant-an
977 1087 1131 1133 soranam
1147 1084 1393 1134 rrc'ravmusrrr

694 1189 892 1237 rmscoemr.
921 1171 967 1252 [s.
982 1191 1014 1235 n.
1033 1171 1142 1251 llud]

735 1331 876 1393 Domino
891 1329 1090 1394 Pictooensi.

488 1465 592 1531 Perat
606 1465 906 1541 misericordiarum,
922 1466 977 1549 qui
993 1487 1049 1530 vos
1064 1464 1105 1529 ed
1119 1465 1276 1529 honorem
1291 1486 1394 1544 suum,

441 1582 473 1634 et
487 1569 632 1634 ecclesio
645 1569 823 1645 utilitatem,
839 1578 872 1631 et
892 1567 1048 1650 naustagii
1061 1568 1161 1631 nostri
1177 1568 1338 1646 solatium,
1353 1567 1391 1633 de

440 1671 527 1753 gravi
554 1668 737 1733 infirmitate
766 1667 879 1746 erexit,
906 1666 1102 1750 multiplices
1129 1674 1162 1730 et
1191 1667 1391 1733 omnimodo

440 1771 557 1853 gratias
571 1790 649 1852 ago;
680 1766 796 1831 deinde
812 1776 924 1831 vestre
939 1765 1126 1849 dignationi,
1141 1789 1213 1850 qum
1228 1767 1293 1831 mei
1308 1769 1392 1833 solli·

440 1870 617 1937 citudinem
640 1865 855 1932 indesinenter
878 1877 911 1931 et
930 1869 1100 1932 efficaciter
1122 1888 1247 1949 gerens
1269 1867 1392 1934 timoris

438 1981 472 2037 et
486 1972 608 2036 doloris
621 1971 696 2043 mei,
711 1969 753 2033 de
767 1980 871 2033 vestra
885 1969 1074 2051 egritudine
1096 1968 1258 2052 concepti,
1272 1970 1391 2035 littere·

440 2094 508 2138 rum
535 2073 649 2136 solatio
674 2071 829 2151 mitigavit
857 2071 1031 2153 augmtias.
1075 2069 1142 2134 Sed
1166 2070 1244 2155 qnia
1267 2081 1392 2155 postea,

439 2194 501 2239 nec
516 2171 557 2235 de
578 2172 676 2256 plena
689 2173 946 2236 convalescentia
960 2180 1073 2247 vestra,
1087 2192 1147 2236 nec
1171 2171 1211 2236 de
1233 2173 1392 2257 promisee

439 2286 472 2340 et
485 2280 612 2358 sperata
625 2294 706 2355 paco
721 2273 908 2337 certioratus
930 2296 1012 2348 sum,
1027 2275 1159 2338 latorem
1182 2275 1390 2357 presentium

439 2375 481 2442 ad
496 2396 551 2439 ros
565 2374 677 2439 censui
687 2374 974 2451 transmittendum,
985 2397 1042 2459 per
1056 2397 1151 2459 quem
1165 2375 1244 2440 mihi
1256 2376 1392 2458 singula,

438 2499 512 2563 qum
527 2474 680 2561 expedire
693 2476 856 2553 noveritis,
870 2475 1056 2558 diligentius
1070 2476 1202 2540 rescribi
1217 2485 1287 2540 tota
1302 2497 1391 2541 men·

437 2579 480 2644 tis
505 2574 673 2644 affectione
702 2577 861 2662 deposco:
900 2576 1089 2660 etquidem
1116 2595 1229 2660 pacem
1255 2586 1389 2642 vestram

438 2680 585 2746 desidero
607 2680 790 2763 plurimum,
810 2698 870 2742 neo
894 2677 989 2745 rideo
1012 2679 1131 2764 quibus
1151 2679 1185 2742 in
1209 2699 1307 2744 cause
1328 2678 1390 2743 iste

436 2780 568 2864 possitis
589 2781 636 2844 uti
657 2779 876 2844 instrumentis
898 2778 940 2843 ad
962 2779 1181 2862 recuperanda
1196 2781 1247 2842 rel
1262 2799 1388 2844 conser-

437 2883 543 2948 vanda
554 2881 626 2966 jura
641 2883 786 2948 ecclesie
801 2891 924 2954 vestrae,
934 2880 998 2944 uisi
1012 2880 1064 2946 his
1080 2903 1151 2964 quae
1167 2881 1306 2945 ecclesia
1319 2881 1390 2964 ipsa

436 2996 468 3049 et
491 2985 552 3049 filii
576 2985 646 3069 ejus
671 2981 919 3049 ministraverint
947 2984 1048 3060 vobis,
1071 2993 1128 3047 aut
1155 3005 1227 3068 quae
1254 2983 1390 3067 dejure

436 3087 598 3151 communi
627 3087 748 3150 caeteris
778 3086 926 3149 ecclesiis
963 3087 1183 3167 suffragantur,
1212 3085 1389 3169 praesertim

435 3208 533 3269 quum
544 3187 641 3252 homo
653 3187 843 3267 alienigena,
852 3197 884 3250 et
895 3187 981 3270 apud
994 3199 1120 3251 exteras
1130 3197 1241 3268 gentes
1250 3188 1387 3251 nutritus

435 3297 468 3350 et
492 3287 664 3360 institutus,
687 3286 845 3369 speciales
868 3287 1105 3370 Aquitauomm
1131 3289 1389 3366 consuetudines,

436 3386 1078 3471 etiuauditajuranousufficiatedocere.
1115 3389 1211 3454 Unde
1221 3410 1317 3474 quum
1330 3410 1389 3453 vos

434 3488 516 3551 nihil
541 3510 585 3553 ex
609 3488 868 3572 contingentibus
894 3492 1064 3555 omiseritis
1091 3493 1140 3556 vel
1167 3490 1332 3568 omittatis,
1358 3490 1386 3553 si

434 3612 531 3656 causa
545 3593 699 3669 ecclesias,
713 3592 787 3656 filiis
802 3592 873 3676 ejus
887 3590 1174 3671 dissimulantibus,
1189 3603 1245 3657 aut
1263 3611 1385 3676 praera-

434 3693 609 3758 ricantibus
624 3694 832 3777 periclitetur,
846 3715 913 3757 non
930 3704 979 3757 est
993 3695 1080 3777 quod
1094 3704 1205 3758 vestrae
1223 3695 1388 3776 negligen-

433 3797 488 3861 tia
514 3797 630 3862 debeat
655 3796 814 3880 imputari.
861 3796 942 3868 Quis
966 3797 1052 3860 enim
1077 3797 1141 3860 nisi
1164 3817 1276 3880 parum
1301 3816 1387 3860 sana

433 3900 558 3974 mentis,
574 3912 606 3963 et
620 3921 764 3984 praeceps
777 3909 833 3962 aut
851 3898 964 3976 hostiS,
980 3902 1135 3975 consulet,
1152 3908 1187 3962 ut
1202 3899 1272 3962 sine
1290 3898 1384 3960 ratio-

433 4019 510 4059 num
530 4010 562 4062 et
577 4001 686 4063 virium
711 4001 861 4081 suffragio
886 4003 973 4063 solus
998 4010 1108 4064 contra
1131 4011 1312 4073 torrentem,
1328 3999 1386 4083 qui

434 4097 540 4159 omnia
564 4109 636 4180 post
658 4121 692 4162 se
714 4100 820 4172 trahit,
836 4112 868 4163 et
892 4101 1054 4178 subvertit,
1068 4101 1200 4164 brachia
1223 4102 1384 4164 incassum

433 4199 633 4280 praesumatis
659 4198 799 4280 erigere?
843 4200 928 4264 Nam
955 4203 1146 4285 complacita
1172 4205 1263 4287 pacis
1285 4204 1387 4266 forma

431 4297 573 4382 speciem
597 4298 765 4381 pretendit
787 4302 957 4385 requitatis,
979 4313 1011 4366 et
1033 4325 1151 4381 resera,
1173 4305 1199 4367 si
1220 4305 1297 4368 fidei
1321 4306 1386 4367 sin-

433 4401 561 4465 ceritate
584 4401 771 4485 simpliciter
794 4403 942 4487 utrinque
966 4396 1001 4468 iu¹
1020 4407 1239 4471 contrahendo
1261 4416 1387 4486 geratur
