3667 5475
431 773 474 832 2⁶
688 784 825 829 ioannis
841 780 1121 828 ssaasasnrassrs
1289 765 1338 846 [a.
1356 786 1387 832 n.

431 934 620 1019 magistrum
646 936 679 1000 S.
694 938 750 1020 qui
772 933 926 998 adversus
947 932 1159 997 innocentiam
1176 944 1313 997 vestram
1340 956 1391 999 re·

431 1036 516 1121 giuae
527 1034 668 1101 animum
680 1034 868 1100 concitavit:
893 1033 972 1120 quid
988 1034 1048 1097 boc
1061 1033 1148 1098 aliud
1165 1046 1214 1099 est
1229 1056 1327 1120 quam
1342 1057 1393 1099 re·

431 1136 550 1220 ginam,
570 1156 645 1221 quae
667 1158 741 1200 eum
763 1134 853 1200 vobis
876 1134 1082 1199 audientibus
1103 1135 1279 1211 excusavit,
1300 1158 1391 1202 ream

432 1236 586 1301 mendacii
607 1236 733 1300 facere?
768 1236 813 1299 Et
836 1235 914 1321 quia
933 1234 1129 1300 voluntatem
1152 1235 1273 1300 domini
1293 1259 1390 1323 papae

432 1338 523 1402 vobis
544 1336 719 1402 innotuisse
742 1359 803 1401 nou
826 1337 1033 1421 ambigimus,
1056 1336 1247 1403 fraternitati
1269 1351 1391 1405 vestrae

431 1438 636 1525 praesentium
667 1438 896 1523 significatione
923 1438 1137 1524 praecipimus,
1165 1451 1202 1504 ut
1230 1462 1299 1504 eam
1329 1439 1394 1503 im-

433 1538 559 1625 pleatis,
571 1539 777 1624 prohibentes
787 1561 827 1602 ue
839 1537 919 1623 quid
931 1552 1042 1603 contra
1056 1562 1125 1603 eam
1137 1562 1233 1625 super
1244 1538 1391 1625 ejusdem

433 1637 571 1703 ecclesiis
581 1639 767 1703 innovetur:
783 1637 988 1724 precipimus
1000 1638 1095 1705 etiam
1111 1651 1147 1704 ut
1159 1638 1250 1702 nobis
1260 1638 1391 1702 faciatis

433 1742 557 1827 copiam
572 1740 763 1816 litterarum,
779 1762 860 1825 quas
875 1743 916 1805 G.
935 1739 1055 1805 archid.
1075 1763 1171 1827 super
1185 1740 1245 1804 boc
1264 1739 1391 1805 attulit.

435 1843 535 1908 Novit
556 1842 705 1907 discretio
727 1853 832 1905 vestra
855 1840 935 1925 quid
958 1864 1032 1906 eum
1055 1854 1220 1929 sequatur,
1242 1842 1300 1928 qui
1327 1843 1389 1907 scit

435 1956 468 2009 et
484 1966 546 2008 nou
561 1943 639 2008 facit
654 1942 786 2006 Domini
802 1940 1011 2009 voluntatem.
1409 1936 1412 1943 ’

507 2276 729 2341 EPISTOLA
750 2277 962 2340 XXIV.-sn
977 2295 1096 2342 ancara
1111 2296 1303 2343 sanaretur.

766 2414 849 2494 Reqi
865 2415 1053 2497 Anploraam.

477 2547 580 2611 Sicca
601 2543 814 2610 clementioris
835 2546 930 2609 famae
950 2544 1104 2610 beneficio
1122 2546 1214 2611 nobis
1235 2545 1390 2627 innotuit,

433 2645 537 2711 virtus
561 2658 666 2711 vestra
695 2669 819 2733 semper
847 2647 879 2711 in
910 2647 1050 2713 Domino
1079 2662 1295 2734 prosperatur,
1327 2649 1388 2734 qui

433 2771 597 2815 successus
618 2762 742 2816 vestros
762 2750 897 2837 adjectis
920 2751 1116 2816 successibus
1137 2751 1299 2816 cumulare
1321 2773 1389 2816 uon

434 2852 561 2933 desinit,
575 2867 607 2917 et
629 2853 663 2917 in
687 2865 778 2917 tanto
798 2875 1024 2940 prosperorum
1047 2875 1155 2927 cursu,
1170 2850 1267 2917 vestri
1282 2865 1315 2916 et
1335 2856 1390 2919 sui

432 2954 522 3020 dedit
547 2955 664 3020 habere
689 2955 849 3019 notitiam.
896 2957 942 3018 Et
963 2955 1092 3039 quidem
1120 2979 1194 3040 quae
1218 2955 1305 3040 apud
1329 2977 1388 3020 uos

434 3066 520 3131 suut,
546 3067 637 3118 tauta
661 3054 749 3139 pacis
771 3065 803 3117 et
824 3055 940 3139 quietis
967 3056 1080 3120 laetitia
1104 3057 1326 3141 perfruuntur,
1348 3069 1386 3122 ut

432 3155 554 3220 bellicae
566 3154 773 3241 tempestatis,
781 3169 812 3219 et
821 3155 920 3220 cladis
932 3159 1081 3244 publicae,
1091 3171 1257 3244 totamque
1267 3181 1386 3245 praece-

433 3255 577 3320 dentium
592 3256 747 3319 malorum
772 3257 884 3321 seriem
900 3259 990 3344 regni
1005 3261 1102 3324 vestri
1117 3260 1253 3324 felicitas
1267 3273 1388 3346 praeter

432 3357 611 3441 opinionem
634 3357 822 3443 popularem
843 3360 1034 3443 demulceat,
1056 3362 1106 3426 vel
1126 3363 1256 3426 omnino
1277 3362 1387 3427 absor-

433 3458 517 3522 beat.
561 3458 692 3544 Digitus
717 3461 779 3525 Dei
803 3475 851 3528 est
875 3463 938 3544 bic,
959 3465 1017 3551 qui
1038 3465 1070 3527 iu
1095 3488 1191 3528 mauu
1214 3463 1307 3550 pueri
1333 3465 1384 3529 sui

432 3559 554 3625 domini
568 3561 630 3625 mei
652 3563 736 3648 regis
757 3587 855 3631 aurea
873 3567 1026 3632 reformat
1048 3568 1174 3648 ascula,
1189 3579 1223 3630 et
1240 3570 1385 3632 omnium

433 3672 560 3725 auctore
576 3661 715 3726 Domino
729 3652 943 3731 molestiarum
959 3690 978 3730 a
992 3665 1165 3730 commissis
1177 3665 1268 3730 vobis
1283 3665 1385 3730 natio·

432 3764 528 3831 uibus
543 3777 575 3830 et
589 3765 721 3852 linguis,
733 3768 932 3853 propulsavit
947 3769 1120 3834 incursum.
1145 3771 1262 3834 Tantae
1277 3783 1386 3834 tamen

431 3869 576 3935 felicitati
597 3871 771 3956 derogatur
792 3871 825 3934 in
848 3895 925 3950 uno,
940 3873 1038 3958 quod,
1053 3872 1285 3958 languentibus
1302 3873 1385 3938 desi-

432 3971 539 4047 deriis,
554 3971 677 4036 diutius
692 3973 897 4040 destituimur
911 3975 1067 4061 corporali
1086 3977 1256 4061 praeseutia
1271 3985 1387 4056 vestra,

432 4071 488 4156 qui
512 4072 698 4154 majestatis,
724 4086 757 4138 et
781 4074 911 4139 virtutis
937 4087 1050 4140 vestrae
1074 4076 1239 4140 beneficiis
1270 4076 1385 4142 indesi-

432 4184 544 4235 nenter
566 4170 735 4237 affluimus.
793 4175 915 4240 Scimus
946 4176 1023 4259 quid
1056 4176 1237 4263 loquamu'r,
1263 4183 1321 4264 qui
1349 4193 1385 4244 et

430 4295 469 4338 ex
496 4271 694 4337 abundantia
715 4274 819 4338 cordis
842 4274 1015 4361 loquimur,
1037 4291 1068 4343 et
1090 4302 1150 4364 pro
1172 4280 1262 4363 regni
1285 4285 1410 4371 vestri!

430 4372 647 4440 incolumitate
671 4389 798 4440 aetatem
822 4401 860 4442 ex
887 4391 977 4463 parte
1000 4381 1212 4467 transegimus
1237 4383 1267 4448 in
1295 4384 1383 4447 labo·
