3667 5475
508 779 572 839 880
764 791 901 837 scaurus
916 789 1195 837 saussasanrusrs
1369 776 1414 857 [s.
1431 799 1462 843 n.

506 945 612 1030 copia.
650 945 773 1009 Cretera
789 944 950 1007 Dominus
964 944 1165 1020 ministrabit,
1176 945 1233 1028 qui
1248 959 1414 1029 sperantes
1429 950 1463 1012 in

505 1069 540 1110 se
555 1068 621 1110 non
636 1044 763 1124 deserit,
773 1066 835 1109 nec
851 1044 976 1129 aliquid
989 1044 1067 1108 boni
1083 1056 1222 1108 reservat
1238 1047 1463 1115 deserentibus

504 1146 612 1226 fidem,
627 1155 660 1211 et
674 1147 914 1211 simulatoribus
936 1145 1025 1224 fidei,
1040 1156 1074 1209 et
1092 1150 1379 1229 persequutoribus
1394 1153 1464 1216 the·

506 1251 646 1314 saurizat
659 1250 739 1314 iram
753 1250 788 1312 in
804 1250 890 1313 diem
905 1249 1020 1313 suroris
1035 1248 1094 1312 sui.

563 1504 786 1571 EPISTOLA
808 1505 1116 1570 CLXXXIX-an
1130 1523 1212 1568 mac.
1229 1524 1412 1573 eramenta

765 1624 928 1671 rucanas.
977 1604 1022 1685 [s.
1039 1625 1071 1670 n.
1090 1606 1199 1687 1166.]
1286 1631 1287 1634 “

744 1742 908 1823 Mapr'stro
925 1742 1070 1805 Girardo
1085 1741 1226 1806 Pucelte.

549 1862 692 1926 Pensm
722 1858 892 1923 devotione
922 1869 955 1923 et
983 1858 1163 1923 eruditione
1192 1881 1296 1943 nuper
1324 1882 1344 1925 a
1374 1864 1466 1927 vobis

507 1962 613 2046 recepi
643 1961 822 2045 epistolam,
847 1980 944 2044 quam
973 1981 1037 2044 quo
1067 1959 1254 2043 diligentius
1278 1963 1400 2045 relego,
1425 1986 1468 2028 eo·

507 2063 671 2130 societatis
699 2071 812 2126 vestroe
841 2062 992 2125 solatium
1023 2061 1120 2124 nobis
1158 2064 1358 2127 subtractum
1395 2086 1465 2129 essa

507 2166 654 2229 acerbius
675 2164 864 2244 ingemisco.
916 2163 1089 2238 Caeterum,
1113 2184 1211 2247 quum
1234 2171 1303 2228 tota
1328 2165 1467 2249 epistola

508 2277 575 2330 tum
590 2266 640 2327 sui
655 2271 832 2336 venustate,
848 2273 915 2347 tum
931 2266 1102 2329 affectione
1118 2277 1150 2329 et
1163 2268 1341 2330 reverentia
1361 2268 1467 2331 nomi-
1570 2317 1573 2318 ν

507 2367 562 2431 nis'
587 2364 684 2428 vestri
716 2364 889 2449 plurimum
928 2377 1096 2446 mereatur,
1123 2366 1205 2430 illud
1241 2389 1308 2452 prae
1336 2370 1466 2433 caeteris

505 2470 611 2553 placet
625 2466 761 2551 quod'in
773 2469 861 2532 calce
871 2467 1046 2532 litterarum
1059 2467 1245 2551 prudenter,
1257 2479 1300 2549 et,
1311 2480 1347 2533 ut
1359 2491 1465 2555 spero,

507 2568 660 2633 veraciter
687 2566 858 2643 intulistis3
894 2588 952 2629 ros
982 2566 1114 2646 dixisse,
1143 2567 1270 2646 fecisse,
1295 2570 1465 2654 scripsisse

507 2690 667 2756 perpenso
689 2679 801 2733 tenore
827 2669 1003 2732 litterarum
1028 2690 1183 2749 mearum,
1206 2670 1365 2755 quicquid
1388 2671 1464 2749 dici,

507 2772 615 2848 scribi,
646 2780 680 2837 et
707 2771 779 2834 fieri
807 2772 987 2855 oportebat.
1039 2772 1124 2835 Mihi
1154 2782 1260 2835 autem
1288 2795 1465 2858 numquam
1526 2799 1529 2804 ⁷

508 2875 691 2959 persuaderi
715 2873 821 2956 potuit
846 2873 933 2955 quod
959 2873 993 2934 in
1019 2882 1109 2936 tanto
1139 2875 1250 2937 salutis
1279 2873 1465 2941 discrimine

507 2976 629 3062 aliquid
660 2998 702 3039 ex
728 2974 988 3055 contingentibus
1017 2975 1214 3052 omitteretis,
1240 2986 1273 3038 et
1302 2977 1464 3042 sordidam

507 3079 690 3148 divitiarum
705 3077 967 3140 evanescentium
983 3078 1261 3140 commutationem
1281 3099 1342 3160 pro
1359 3081 1467 3143 anima

506 3180 703 3263 recipiendo,
719 3199 784 3239 non
803 3177 900 3240 modo
924 3177 1185 3260 philosophantis
1206 3201 1326 3242 nomen
1340 3181 1467 3244 velletis

507 3281 659 3356 amittere,
683 3278 740 3341 sed
765 3276 867 3361 (quod
889 3280 985 3361 longe
1008 3281 1217 3362 perniciosius
1238 3283 1297 3359 est)
1325 3281 1466 3363 abjicere

507 3378 738 3441 conscientiam
762 3376 990 3440 Christianam.
1036 3380 1130 3441 Absit
1152 3380 1225 3454 hoc,
1245 3380 1327 3441 absit
1350 3379 1467 3450 (dilec-

506 3475 640 3558 tissime)
656 3498 675 3540 a
690 3476 881 3541 discretione
898 3472 930 3542 et
945 3480 1113 3544 honestate
1130 3492 1242 3558 vestra,
1256 3490 1292 3542 ut
1307 3500 1365 3561 pro
1381 3489 1466 3544 tem-

506 3581 607 3664 porali
622 3583 835 3643 emolumento
858 3582 985 3664 ponatis
1008 3603 1081 3643 cum
1104 3580 1320 3644 schismaticis
1342 3582 1468 3663 portio·

507 3705 591 3761 nem,
621 3694 653 3746 et
687 3683 860 3767 quicquam
898 3684 938 3745 de
975 3684 1225 3746 Hierichontiuo
1260 3683 1466 3775 anathemate

506 3784 740 3869 imprudentius
766 3795 798 3847 et
824 3784 1041 3865 impudentius
1071 3785 1211 3867 rapiatis,
1238 3783 1326 3867 quod
1353 3785 1468 3848 castris

506 3887 641 3949 Domini
658 3886 859 3949 exercituum
881 3886 916 3946 iu
939 3886 1061 3948 ruinam
1076 3896 1107 3948 et
1130 3886 1308 3968 perniciem
1331 3906 1466 3948 conver·

506 3998 599 4051 tatur.
644 3991 689 4050 Et
710 3989 839 4069 quidem
855 3995 890 4049 ut
913 3988 1080 4050 sententiae
1097 3999 1218 4066 vestrae‚
1233 3988 1332 4050 immo
1355 3988 1468 4050 catho-

504 4090 577 4151 licae
592 4090 738 4151 ecclesiae
754 4089 934 4152 auctoritati
949 4089 1159 4169 consentiam,
1174 4089 1251 4151 dum
1274 4110 1373 4170 grana
1389 4110 1467 4152 cum

505 4188 616 4271 paleis,
632 4197 664 4250 et
679 4191 755 4250 boni
774 4191 868 4252 malis
889 4190 1025 4253 admixti
1049 4202 1132 4269 sunt,
1149 4202 1181 4254 et
1195 4192 1229 4253 in
1245 4189 1468 4272 adimplendis

505 4288 664 4354 mandatis
680 4289 797 4370 Moysi,
809 4291 1339 4374 etpromovendapraedestinantis
1354 4292 1466 4373 gratiae

505 4392 717 4476 dispositione
731 4392 855 4454 laborat
869 4393 974 4470 JeSUS,
989 4395 1159 4457 anathema
1180 4395 1213 4456 in
1237 4393 1344 4456 medio
1362 4388 1466 4457 Israel
