3667 5475
463 753 499 810 16
717 764 851 809 suturis
867 764 1143 809 sinrrsnnruausrs
1316 754 1364 832 [n.
1385 774 1417 818 n.

460 931 495 980 ut
526 939 558 979 se
584 938 620 978 ex
650 928 740 999 purte
767 916 905 1000 episcopi
933 929 965 979 et
992 916 1122 1000 capituli
1155 918 1233 980 nibil
1265 919 1417 986 Waltero

456 1016 659 1081 denuntiasse
674 1029 705 1080 et
721 1016 900 1103 promisisse
911 1019 1092 1094 innuerent,
1108 1022 1166 1103 qui
1177 1042 1280 1105 quum
1293 1045 1416 1109 propo.

455 1118 524 1182 sitis
544 1118 751 1182 sacrosanctis
768 1119 942 1203 evangeliis
960 1120 1069 1205 jurare
1089 1120 1193 1205 parati
1214 1122 1415 1204 assisterent,

455 1219 618 1283 Walterus
632 1219 664 1283 in
679 1220 924 1305 appellationem
946 1219 1095 1307 prorupit
1110 1221 1264 1287 adversus
1281 1227 1415 1291 Londo-

453 1321 591 1385 nienaem
612 1322 808 1408 episcopum,
824 1336 856 1386 et
879 1323 951 1407 ejus
971 1322 1139 1400 decanum,
1163 1337 1195 1388 et
1218 1325 1413 1409 saepedictos

454 1423 544 1506 Hug.
560 1420 680 1485 archid.
696 1434 728 1485 et
743 1422 930 1506 magistrum
949 1423 991 1485 A.
1006 1444 1150 1508 personae
1172 1437 1278 1489 tamen
1294 1427 1412 1493 decani

451 1523 608 1603 deferens,
633 1538 668 1588 ut
695 1545 752 1609 per
778 1536 1015 1608 procuratorem
1042 1524 1288 1608 appellationem
1313 1532 1410 1595 istam

449 1638 674 1711 prosequatur,
698 1624 854 1689 senectuti
878 1637 910 1688 et
932 1624 1145 1690 invaletudini
1167 1628 1237 1712 ejus
1260 1650 1408 1712 parcens

450 1728 545 1792 Diem
567 1741 675 1793 autem
696 1726 764 1810 ejus
785 1724 957 1812 praetinivit
976 1740 1105 1791 octavas
1122 1732 1160 1792 B.
1178 1728 1315 1793 Andreae
1331 1754 1411 1817 apo-

449 1829 530 1892 stoli.
560 1828 910 1913 Sedquiaauctoritate
920 1828 1085 1912 apostolici
1099 1830 1239 1894 mandati
1251 1832 1356 1896 omnis
1373 1834 1407 1897 in

447 1930 506 1993 hac
535 1952 630 1993 causa
659 1929 795 1992 inhibita
824 1928 930 1993 fuerat
959 1928 1143 2016 appellatio,
1175 1931 1215 1995 ad
1250 1931 1408 1999 ulteriora

446 2030 651 2116 procedentes
676 2043 806 2115 accepto
831 2045 1027 2096 sacramento
1053 2056 1072 2096 a
1102 2035 1282 2098 memoratis
1313 2036 1402 2113 viris,

447 2132 573 2196 eosdem
589 2132 717 2197 omnino
732 2132 939 2197 absolvimus.

623 2482 846 2547 EPISTOLA
870 2486 1049 2548 xlm-nn
1065 2506 1218 2549 annuant.

793 2622 938 2682 Adriano
949 2641 1056 2701 pnpoe.

487 2753 724 2840 Sancrmnruu
741 2765 876 2816 vestram
893 2751 975 2814 circa
991 2751 1129 2836 plurima
1140 2752 1287 2816 novimus
1301 2767 1400 2820 occu-'

441 2869 561 2941 patam,
576 2868 689 2941 utpote
703 2878 777 2940 quae
793 2854 859 2919 sola
872 2855 957 2918 inter
977 2854 1121 2916 homines
1140 2857 1239 2918 totius
1254 2856 1397 2921 ecclesiae

443 2958 503 3022 Dei
516 2957 726 3021 incolumitati
735 2981 861 3041 semper
873 2957 1030 3042 invigilat.
1069 2958 1204 3041 Oportet
1214 2961 1326 3043 itaque
1338 2963 1396 3045 qui

440 3058 480 3122 ad
497 3081 589 3120 aures
604 3071 724 3120 vestras
739 3057 860 3120 accedit
873 3081 1047 3121 sermonem
1061 3057 1142 3121 ferre
1153 3059 1393 3125 abbreviatum:

439 3169 546 3222 noster
561 3172 666 3221 autem
680 3179 755 3219 voce
765 3156 893 3240 quidem
906 3156 1012 3221 brevis
1023 3172 1082 3235 est,
1093 3157 1147 3221 sed
1161 3170 1229 3222 toto
1240 3159 1395 3225 dilatatus

438 3260 567 3337 affectu,
596 3281 698 3343 eoque
728 3259 828 3342 magis
857 3260 945 3346 quod
976 3261 1017 3324 ad
1048 3260 1186 3323 ecclesiae
1213 3261 1392 3346 Anglorum

439 3359 609 3424 utilitatem
626 3359 762 3446 proiicit,
778 3375 809 3424 et
825 3363 961 3446 gloriam
984 3364 1120 3427 nominis
1135 3362 1242 3426 vestri.
1288 3368 1392 3428 Vene-

437 3459 545 3526 rabilis
559 3460 658 3524 srater
674 3476 778 3525 noster
796 3463 940 3548 Nigellus
953 3463 1091 3527 Ellensis
1107 3462 1316 3547 episcopusin
1333 3488 1392 3530 ex·

436 3562 553 3650 plendo
583 3561 734 3626 mandato
763 3574 868 3626 vestro
894 3585 991 3646 super
1018 3562 1201 3627 revocandis
1228 3564 1289 3627 illis
1317 3584 1391 3648 quae

435 3662 1403 3748 bellicatempestasecelesiaesuaeextorserat,laboratadsang

434 3768 575 3851 guinem,
590 3780 623 3830 et
637 3765 716 3830 nihil
733 3778 871 3841 veretur,
888 3766 966 3829 dum
983 3764 1122 3829 ecclesiae
1138 3765 1197 3829 sibi
1213 3767 1389 3831 commissae

434 3869 617 3954 prospiciat,
632 3882 664 3933 et
679 3883 793 3933 vestrae
811 3868 982 3933 satisfaciat
997 3867 1165 3931 voluntati.
1205 3868 1389 3932 Laboribus

433 3969 564 4052 quidem
571 3970 651 4053 ejus,
659 3972 891 4054 sumptibus,et
900 3970 1074 4045 doloribus,
1082 3969 1138 4054 qui
1149 3970 1177 4031 ei
1189 3968 1389 4050 viciniamur,

432 4070 1387 4157 omnescompatimur,ettantoampliusquiaadversuseum

431 4168 572 4232 nondum
585 4166 706 4253 quierit
720 4168 898 4252 indignatio
909 4187 1024 4251 restra,
1035 4172 1090 4235 sed
1103 4173 1135 4236 in
1146 4171 1299 4236 cervicem
1310 4194 1387 4256 apo·

432 4269 660 4335 stolicamanus
669 4282 800 4333 extenta
809 4283 865 4335 est.
888 4273 1386 4358 Veruntamenutaurispaterna

431 4371 517 4458 quod
541 4369 602 4436 dici
625 4370 782 4434 credimus
805 4372 965 4457 expedire,
989 4375 1148 4457 patienter
1170 4375 1333 4451 admittat,
1356 4374 1383 4436 ci
