3667 5475
453 782 514 841 tot
718 793 853 839 sossius
870 792 1147 838 transsumimus
1316 777 1364 852 [a.
1381 792 1411 838 n.

473 1002 694 1066 EPISTOLA
717 1001 942 1066 exult-m
959 1019 1157 1063 usorsramu
1173 1019 1387 1066 uuururouu

748 1121 836 1166 uovr.
887 1102 931 1181 [s.
949 1123 980 1165 o.
1000 1102 1107 1182 llos]

683 1240 840 1321 Mopa'stro
858 1238 1031 1321 Huufm'do
1046 1239 1136 1301 Boni.

495 1371 519 1430 A
549 1385 710 1430 sumt-rure
738 1365 946 1450 quaerendum
970 1386 1041 1427 esse
1065 1367 1249 1445 consilium,
1270 1369 1408 1451 scriptu·

450 1490 555 1533 rarum
571 1468 693 1532 monita
708 1468 838 1541 docent,
850 1480 882 1530 et
898 1466 995 1529 fidem
1012 1468 1186 1531 amicorum
1201 1469 1233 1531 in
1250 1471 1409 1552 angustiis

453 1570 744 1655 comprobandam3
771 1580 801 1632 et
828 1591 892 1653 qua
924 1570 995 1653 quis
1018 1591 1093 1649 erga
1118 1570 1216 1633 alium
1244 1581 1411 1635 moveatur

450 1673 630 1749 affectione,
642 1672 794 1735 articulus
806 1671 1006 1733 necessitatis
1016 1672 1187 1733 examinat.
1213 1672 1324 1745 Quum
1333 1694 1408 1737 vero

450 1773 1406 1857 minusdubitodesapientiarestra,quamlitterarumcopia,

450 1889 517 1941 tum
540 1898 644 1940 rerum
667 1875 866 1957 experientia
887 1878 1105 1956 comparastis,
1128 1889 1204 1948 tum,
1229 1876 1319 1960 quod
1340 1878 1407 1961 pri·

450 2002 538 2042 mum
553 1990 611 2054 est,
625 1977 812 2060 suscepistis
827 1998 869 2039 ex
893 1976 1012 2056 gratia3
1042 1998 1102 2039 nec
1127 1976 1166 2038 de
1182 1998 1220 2039 ea
1242 1978 1331 2061 apud
1348 2001 1405 2043 vos

450 2101 544 2164 quam
571 2094 683 2141 natura
709 2090 740 2140 et
767 2078 864 2139 virtus
891 2088 994 2140 vestra
1021 2079 1130 2140 multis
1160 2080 1295 2160 probata
1326 2080 1406 2143 mihi

447 2182 651 2264 pollicentur,
667 2176 797 2242 caritate
821 2178 943 2241 diffido.
989 2180 1071 2242 Inde
1094 2180 1252 2264 estquod
1275 2202 1296 2243 a
1311 2182 1402 2245 robis

447 2284 480 2345 in
496 2281 592 2364 hujus
608 2301 686 2341 meae
701 2280 900 2342 necessitatis
924 2280 1059 2343 articulo
1083 2281 1250 2343 consilium
1273 2292 1403 2363 petens,

446 2405 559 2468 precor
581 2381 742 2455 attentius,
765 2382 916 2465 quatinus
938 2383 1018 2445 mihi
1044 2404 1100 2465 per
1122 2383 1279 2458 nuntium,
1303 2403 1401 2464 quem

447 2484 487 2547 ad
518 2484 681 2546 dominum
711 2482 922 2545 Baiocensem
949 2483 1063 2559 direxi,
1090 2505 1185 2565 super
1215 2495 1299 2546 statu
1329 2505 1402 2547 meo

446 2586 640 2660 rescribatis,
652 2584 739 2668 quod
755 2585 844 2647 salva
858 2585 1026 2648 honestate
1043 2585 1111 2647 sine
1127 2606 1190 2668 qua
1205 2585 1284 2647 nihil
1300 2606 1399 2668 expe·

445 2689 536 2753 diens
547 2688 690 2765 arbitror,
701 2685 840 2749 maxime
856 2686 1017 2750 videbitur
1031 2687 1194 2769 expedire.
1237 2688 1280 2750 Ut
1290 2698 1400 2750 autem

444 2793 485 2856 de
500 2790 636 2854 eousilio
647 2787 755 2851 dando
770 2787 896 2869 plenius
906 2788 1118 2866 instruamini,
1130 2809 1228 2851 causa
1242 2811 1315 2851 mea
1326 2789 1397 2852 haec

444 2902 501 2955 est.

485 2993 642 3056 Ecclesiae
673 3003 705 3054 et
734 2990 977 3073 archiepiscopo
1003 2991 1225 3054 Cautuarieusi
1255 2993 1396 3056 debitam

442 3095 562 3157 servavi
578 3076 733 3171 fidem,⁵et
748 3093 776 3154 ei
792 3094 846 3154 ubi
864 3093 992 3177 justitia
1014 3106 1045 3155 et
1069 3093 1224 3156 modestia
1238 3093 1395 3157 videban-

441 3212 491 3259 tur
516 3194 638 3270 adesse,
661 3204 691 3255 et
717 3195 750 3255 iu
777 3196 904 3275 Anglia,
931 3211 962 3256 et
987 3197 1019 3256 in
1047 3197 1189 3279 partibus
1216 3197 1395 3258 cismarinis

441 3297 576 3359 fideliter
591 3296 686 3357 astiti.
732 3296 843 3357 Sicubi
860 3319 932 3358 vero
947 3311 1003 3360 aut
1017 3299 1196 3360 exorbitare
1221 3321 1239 3360 a
1256 3298 1393 3382 justitia,

438 3409 492 3462 aut
514 3396 644 3458 modum
666 3393 822 3458 excedere
840 3398 1015 3477 videbatur,
1033 3401 1132 3462 restiti
1156 3401 1185 3462 ei
1209 3402 1240 3461 in
1264 3401 1392 3464 faciem.

438 3504 563 3564 Horum
581 3499 658 3560 mihi
676 3501 764 3561 Deus
780 3500 869 3562 testis
885 3513 944 3577 est,
960 3511 991 3563 et
1007 3503 1214 3572 conscientia,
1231 3513 1262 3563 et
1285 3502 1392 3578 amici,

436 3613 468 3666 et
490 3600 580 3676 socii,
603 3601 658 3682 qui
680 3601 849 3663 nobiscum
873 3603 985 3662 versati
1012 3615 1094 3663 sunt.
1142 3604 1179 3662 lu
1206 3602 1257 3664 bis
1283 3604 1391 3665 autem

436 3705 585 3768 omuibus
609 3715 718 3766 contra
740 3700 892 3764 honorem
916 3704 1049 3765 domiuo
1073 3704 1139 3783 regi
1162 3703 1318 3783 debitum,
1337 3713 1394 3766 aut

436 3809 616 3882 utilitatem,
646 3827 689 3867 ex
726 3804 891 3887 proposito
921 3804 1001 3866 nihil
1031 3805 1104 3878 feci,
1137 3806 1219 3867 sicut
1250 3805 1392 3867 dictante

429 3910 555 3994 justitia
571 3908 688 3970 docere
700 3919 828 3990 paratus
840 3929 921 3984 sum,
931 3907 958 3968 si
969 3908 1108 3969 liberum
1121 3919 1153 3969 et
1162 3916 1266 3969 tutum
1280 3907 1391 3968 luerit:

435 4024 488 4072 aut
503 4012 531 4071 si
546 4012 579 4070 iu
595 4010 703 4091 aliquo
719 4009 877 4072 invenirer
891 4011 1063 4086 obnoxius,
1079 4009 1242 4087 condigne
1265 4020 1297 4071 et
1319 4009 1390 4069 ani·

434 4133 485 4173 mo
500 4111 613 4172 libenti
633 4110 835 4171 satisfaciam.
880 4112 1065 4173 Tractatum
1088 4124 1136 4172 est
1158 4111 1219 4171 boc
1238 4131 1323 4172 anuo
1347 4108 1387 4172 de

433 4233 512 4296 pace
535 4232 616 4284 mea,
640 4221 671 4271 ct
698 4213 861 4272 obtentum
886 4223 934 4274 est
960 4236 978 4274 a
1004 4236 1088 4293 rege,
1111 4223 1146 4274 ut
1173 4212 1248 4273 mihi
1276 4213 1387 4274 liceret

429 4312 541 4384 redire,
569 4311 594 4371 si
621 4310 712 4372 tactis
738 4311 856 4372 sanctis
877 4310 985 4392 jurare
1010 4315 1134 4390 vellem,
1157 4308 1245 4395 quod
1272 4323 1385 4373 contra

429 4414 581 4476 honorem
605 4411 651 4471 vel
677 4409 847 4472 utilitatem
870 4411 940 4493 ejus
962 4435 1026 4474 non
1046 4413 1159 4475 fuerim
1181 4414 1213 4473 in
1237 4411 1382 4494 partibus
