3667 5475
441 755 505 814 268
693 766 830 811 ioannis
848 763 1133 810 sunusunnruusrs
1315 748 1361 828 [ι.
1373 766 1501 813 u...-

442 915 678 1002 proscriptionis
693 936 776 978 meae
787 913 1043 977 erubescentiam
1056 913 1193 977 sustinui
1208 914 1248 977 de
1264 915 1451 1007 repulsa.-
1491 952 1501 965 ·

444 1017 497 1081 Ex
521 1016 570 1080 his
599 1033 632 1083 et
661 1015 916 1100 praecedentibus
947 1025 1036 1099 patet
1058 1014 1110 1079 via
1135 1014 1260 1096 rationi,
1282 1016 1340 1081 sed
1372 1018 1409 1081 iu

442 1118 494 1183 litt
482 1131 564 1181 teras
579 1141 618 1181 ex
635 1117 801 1181 affectione
817 1126 902 1203 totus
917 1116 1104 1194 defluerem,
1122 1120 1181 1180 nist
1173 1116 1406 1184 modestiaet

442 1220 662 1333 multiplicitas
676 1218 932 1302 occupationum,
948 1218 1064 1317 quibus
1086 1217 1118 1279 id
1142 1218 1305 1282 tantillum
1327 1220 1405 1283 sub

443 1319 537 1405 ripui‚
553 1319 816 1406 compellerent,
811 1330 847 1380 ut
861 1317 967 1381 dicam
983 1340 1022 1381 ex
1037 1317 1157 1407 animo,
1173 1318 1311 1410 Valetel

483 1579 706 1642 EPISTOLA
730 1578 970 1640 CLXIX—nn
986 1594 1187 1639 unursrnuu
1202 1596 1362 1640 ιοιιιιιιιιι

705 1695 939 1739 sunnucnuunr.
967 1676 1181 1756 [ι.ιι.]166.]

665 1813 831 1892 Magistro
844 1810 974 1872 «loanni
990 1811 1182 1873 ΕαἪιαοθιιο

491 1920 653 1983 Limum
677 1917 856 1981 dilectionis
879 1929 1005 1997 vestrae,
1027 1938 1122 2001 super
1144 1917 1271 2015 quibus,
1296 1917 1400 2004 quoad

446 2023 564 2099 vixero,
580 2020 692 2106 gratiae
708 2020 796 2083 vobis
818 2019 977 2098 habeudae
1000 2036 1075 2083 suut
1089 2031 1123 2083 ct
1137 2005 1282 2116 agendae,
1301 2019 1402 2112 pliilo·

445 2125 580 2210 sophum
597 2136 630 2187 et
647 2123 862 2207 Christianum
879 2122 998 2207 pariter
1003 2103 1168 2199 redolent,
1184 2134 1217 2185 et
1232 2103 1400 2217 multiplici

444 2237 478 2288 et
505 2225 627 2310 patenti
649 2235 865 2309 protestantur
890 2224 1026 2303 indicio;
1054 2226 1140 2322 quod
1162 2226 1202 2289 de
1225 2211 1404 2290 abundanti

444 2328 599 2391 virtutum
615 2339 649 2390 et
663 2327 840 2390 litterarum
854 2328 1070 2418 promptuario
1080 2340 1311 2416 processerunt.
1337 2328 1401 2392 sed

444 2452 505 2495 uec
527 2442 632 2494 orator
655 2429 717 2493 illis
739 2429 893 2495 cudendis
915 2431 1028 2507 defuit,
1055 2442 1111 2516 aut
1135 2430 1322 2508 condendis,
1345 2430 1400 2517 qui

445 2533 531 2619 quod
548 2534 627 2596 ratio
642 2532 870 2619 philosophica,
887 2543 920 2595 et
944 2511 1134 2622 Christianis
1153 2532 1316 2621 religionis
1331 2554 1401 2647 pro·

443 2635 537 2700 fessio
552 2636 752 2719 suggerebat,
768 2634 982 2698 efficacissimo
998 2635 1161 2722 persuasit.
1187 2616 1311 2730 Viguit
1315 2625 1400 2698 enini

427 2762 502 2826 ,ρει
529 2740 665 2822 gratiam
701 2738 798 2803 dictio
832 2737 976 2822 apposita
1011 2738 1051 2801 ad
1089 2737 1338 2827 persuasionem,
1368 2755 1402 2802 ct

444 2854 575 2908 eatenus
590 2841 675 2926 cepit
694 2852 728 2903 et
749 2839 882 2924 proiecit
902 2840 934 2901 in
953 2862 1015 2917 me,
1033 2852 1068 2903 ut
1083 2841 1123 2903 de
1142 2851 1259 2927 caetero
1281 2840 1401 2926 pigeat,

446 2946 472 3010 si
502 2946 582 3009 forte
606 2968 646 3007 ex
673 2944 858 3008 infirmitate
885 2942 1053 3024 contigerit
1079 2942 1286 3004 acerbitatem
1313 2941 1406 3006 exilii

447 3048 621 3122 nominare,
639 3060 672 3110 et
694 3047 823 3110 omnino
846 3045 965 3129 pudeat
989 3044 1176 3109 nominasse.
1222 3044 1308 3106 Nam
1328 3045 1407 3108 licet

447 3149 533 3212 exilii
559 3159 700 3232 quartus,
728 3161 761 3209 et
787 3145 1022 3230 proscriptionis
1047 3167 1129 3207 meac
1155 3145 1266 3230 tertius
1289 3158 1406 3230 agatur

447 3273 558 3324 annus,
578 3251 645 3331 jam
669 3248 796 3310 turbine
820 3248 956 3311 fortunae
980 3248 1084 3310 minus
1101 3247 1210 3310 'indies
1237 3249 1405 3330 concutior

447 3361 503 3413 aut
518 3371 647 3411 moveor
660 3349 795 3427 damnis,
808 3350 950 3432 prolecto
965 3350 1065 3412 sciens
1082 3371 1256 3434 numquam
1273 3349 1305 3412 in
1323 3352 1406 3414 meis

447 3451 542 3514 luisse
560 3451 649 3514 bonis
666 3474 738 3536 quae
754 3465 819 3514 tarn
836 3453 928 3515 facile
953 3452 1099 3515 inimicus
1120 3452 1324 3539 extorsitret
1339 3452 1406 3515 sor,

446 3566 530 3618 tasse
547 3554 662 3617 rectius
678 3555 815 3617 amicum
837 3555 982 3630 dixerim,
1000 3555 1054 3640 qui
1077 3554 1183 3617 oculos
1199 3576 1286 3616 meos
1302 3554 1404 3638 phan-

445 3656 564 3720 tasticis
589 3655 725 3718 fortunae
747 3655 892 3718 ludibriis
916 3657 1107 3739 praestrictos
1129 3655 1262 3740 aperuit,
1287 3668 1320 3718 et
1346 3678 1404 3719 ex-

447 3759 543 3821 cussis
565 3757 736 3821 curialibus
759 3756 862 3839 nugis,
884 3768 917 3818 et
938 3757 1097 3820 illecebris
1113 3757 1331 3840 voluptatum,
1346 3778 1400 3818 me

447 3860 477 3922 in
494 3862 578 3924 viam
594 3861 691 3924 virtut
693 3861 718 3923 is
736 3860 874 3944 impulit,
852 3870 929 3922 tet
951 3859 1241 3943 philosophantium
1263 3856 1399 3920 coetibus

445 3963 637 4044 aggregavit
664 3959 1400 4046 Longeergoliberior,quamquummundaua

446 4062 600 4143 supellect
589 4061 643 4123 tile
666 4074 699 4123 et
721 4063 884 4126 sarcinulis
906 4063 1108 4126 fortuitorum
1131 4083 1303 4147 premerer,
1325 4060 1401 4124 laeta

447 4163 577 4247 quidem
594 4163 785 4244 conditione,
801 4188 841 4228 ne
863 4166 967 4229 dicam
984 4177 1181 4250 paupertate,
1197 4163 1284 4251 quod
1299 4161 1401 4247 philo·

446 4264 557 4348 sophia
571 4265 681 4343 dictat,
697 4268 850 4350 experior,
867 4267 943 4352 quia

657 4372 742 4426 Omne
752 4374 835 4426 solum
846 4373 904 4426 forti
917 4376 1002 4446 petria
1016 4382 1064 4438 est,
