3667 5475
529 766 591 832 174
789 784 927 830 Josuurs
943 784 1220 830 sssssnsmsusrs
1394 768 1441 848 [s.
1458 787 1488 835 u.

526 958 635 1023 preces
650 948 763 1000 vestre
777 935 972 1021 porrigimus
987 935 1157 1021 majestati,
1173 948 1296 1020 quanta
1317 959 1490 1022 possumus

525 1036 694 1102 devotione
726 1036 953 1123 supplicantes,
985 1050 1020 1101 ut
1057 1060 1166 1102 eorum
1200 1038 1293 1124 justa
1331 1038 1491 1105 desideria

524 1138 720 1225 compleatis,
747 1150 784 1201 ut
810 1137 901 1202 exitu
928 1138 1128 1222 negotiorum
1153 1139 1239 1204 facili
1264 1153 1297 1205 et
1321 1140 1407 1204 felici
1433 1163 1489 1205 ex-

524 1239 662 1319 hilarati,
677 1239 847 1323 utriusque
861 1238 937 1301 vioe
952 1261 1115 1304 successus
1137 1238 1227 1303 vobis
1244 1239 1486 1324 praecordialius

524 1341 673 1406 studeant
688 1341 730 1406 ab
747 1340 913 1404 Altissimo
930 1340 1111 1427 promereri.
1159 1341 1249 1405 Inter
1264 1356 1378 1407 coetera
1393 1342 1485 1407 miles

523 1442 654 1531 quidam
680 1440 856 1518 ecclesiam,
884 1464 982 1527 quam
1006 1441 1040 1505 xl
1068 1442 1158 1508 annis
1185 1442 1369 1509 inconcusse
1392 1459 1487 1510 tenu·

520 1555 626 1622 erunt,
641 1543 686 1608 eis
701 1542 833 1608 molitur
856 1543 984 1608 auferre
998 1543 1059 1608 sub
1082 1557 1246 1630 pretextu
1267 1545 1485 1612 advocationis

522 1668 620 1733 quam
634 1644 787 1709 adversus
802 1643 964 1709 ecclesiam
982 1645 1045 1708 Dei
1061 1643 1132 1709 laici
1154 1645 1243 1733 apud
1258 1669 1315 1712 nos
1327 1649 1484 1734 pernicio-

523 1746 647 1813 sissime
677 1745 856 1812 vendicant.
914 1746 1109 1812 Trahuntur
1143 1748 1185 1813 ob
1214 1749 1275 1813 hoc
1306 1748 1349 1814 ad
1378 1749 1485 1813 sedem

520 1848 740 1936 apostolicum,
755 1848 833 1912 acsi
856 1860 984 1935 possent
1006 1849 1082 1914 inde
1103 1849 1297 1937 injuriarum
1319 1863 1482 1937 reportare

521 1951 710 2026 molestiam,
721 1949 777 2014 ubi
784 1952 863 2035 jura
873 1963 1057 2018 nascuntur.
1099 1952 1176 2032 Sed,
1187 1966 1316 2017 auctore
1329 1953 1481 2028 Domino,

522 2065 705 2118 sanctorum
720 2052 921 2117 decessorum
935 2067 1113 2119 vestrorum
1125 2055 1267 2139 vestigiis
1282 2055 1484 2131 inhaereudo,

520 2153 568 2219 ita
583 2154 679 2218 unius
695 2153 906 2218 temeritatem
922 2153 1111 2232 retundetis,
1127 2172 1164 2221 ut
1179 2157 1251 2243 ejus
1264 2157 1413 2243 exemplo
1427 2156 1482 2223 alii

521 2255 671 2319 instructi
687 2254 728 2317 sd
745 2253 861 2317 similia
875 2277 1078 2342 nequaquam
1094 2256 1233 2323 audeant
1248 2258 1400 2344 aspirare.

669 2566 893 2632 EPISTOLA
917 2568 1165 2632 CXXV1.-sn
1180 2587 1334 2634 nonusis.

769 2719 910 2783 Domino
926 2721 1031 2803 Popoe
1042 2721 1240 2786 Alemondra

563 2857 587 2920 J
591 2876 677 2922 uxrs
692 2852 869 2919 sanctitatis
885 2865 1001 2918 vestrae
1016 2854 1215 2935 mandatum,
1225 2855 1364 2920 nobilem
1375 2857 1477 2921 virum

521 2963 695 3045 Hugonem
721 2955 763 3021 de
788 2959 918 3020 Dovera
944 2956 1115 3041 diligenter
1151 2958 1417 3038 commonuimus,
1441 2973 1478 3024 ut

521 3059 682 3125 monachis
693 3056 794 3122 sancti
810 3058 931 3122 Bertini
946 3058 1108 3124 ecclesiam
1119 3058 1160 3124 de
1176 3059 1368 3142 Chilleham,
1380 3084 1477 3147 quam

521 3163 563 3226 ad
580 3164 637 3247 jus
659 3160 839 3223 monasterii
863 3160 922 3240 sui,
938 3173 975 3224 ut
998 3161 1158 3237 dicebant,
1175 3163 1400 3247 pertinentem,
1417 3164 1476 3227 sibi

520 3264 686 3338 violenter,
713 3273 745 3324 et
775 3260 897 3346 absque
923 3261 1049 3346 judicio
1079 3264 1296 3347 querebantur
1325 3264 1478 3348 ablatam,

519 3363 711 3428 restitueret.
736 3361 796 3425 Ille
811 3373 918 3426 autern
935 3386 967 3427 se
983 3363 1142 3428 mandatis
1156 3364 1346 3449 apostolicis,
1362 3378 1394 3428 et
1408 3367 1478 3451 juri

518 3463 663 3551 promisit
688 3462 893 3528 devotissime
921 3488 977 3550 per
1003 3465 1111 3528 omnia
1135 3466 1332 3553 pariturum:
1364 3488 1476 3531 verum

520 3566 693 3632 falsitatem
715 3590 858 3653 precum,
874 3589 957 3653 quas
976 3566 1067 3631 vobis
1090 3567 1235 3632 monachi
1258 3581 1476 3652 porrexerant,

519 3671 552 3733 in
565 3666 675 3732 multis
689 3666 854 3752 arguebat.
901 3667 1009 3731 Primo
1025 3667 1155 3750 quidem
1173 3668 1360 3753 jamdictam
1377 3668 1475 3733 eccle-

518 3770 595 3835 siam
612 3769 652 3834 ad
671 3770 728 3857 jus
747 3767 931 3833 monasterii
951 3790 1013 3831 non
1035 3768 1193 3854 pertinere
1214 3769 1360 3847 asseruit,
1377 3792 1472 3855 quam

517 3894 681 3959 nunquam
705 3871 814 3958 ipsius,
837 3870 886 3933 vel
907 3868 1044 3957 alicujus
1060 3870 1326 3957 predecessorum
1344 3893 1474 3935 suorum

517 3995 646 4038 assensu
668 3972 859 4048 habuerant,
875 3970 1050 4057 praesertim
1067 3994 1169 4056 quum
1184 3993 1247 4035 non
1271 3973 1473 4048 assentiente,

517 4071 636 4134 nedum
666 4072 841 4135 reluctante
871 4071 1043 4135 fundatore
1066 4084 1170 4136 status
1195 4070 1334 4135 ecclesiae
1357 4073 1474 4136 mutari

518 4193 582 4235 non
604 4171 715 4254 possit,
737 4183 795 4235 aut
817 4173 932 4257 subjici
956 4173 1112 4237 servituti.
1159 4173 1283 4238 Deinde
1305 4174 1476 4238 monachos

516 4291 681 4358 nunquam
693 4294 751 4336 suo
762 4273 887 4336 nomine
901 4274 1076 4358 possedisse
1088 4275 1226 4354 dicebat,
1238 4277 1293 4340 sed
1305 4274 1473 4359 cujusdam

518 4373 653 4454 odonis,
667 4393 763 4459 quem
781 4371 1010 4438 famosissimus
1031 4377 1085 4441 ille
1107 4389 1264 4462 tyrannus
1282 4388 1313 4440 et
1334 4375 1473 4440 ecclesie
