3667 5475
438 769 499 830 170
699 780 835 825 Jouuus
851 777 1132 823 ssaasnnruausrs
1297 760 1344 839 [a.
1360 779 1393 823 n.

434 930 632 997 coacervavit
646 927 909 1014 indignationem,
921 940 958 992 ut
974 927 1102 991 domiuo
1119 926 1344 993 Cantuariensi
1358 938 1392 993 et

435 1031 621 1097 cancellario
636 1054 695 1095 suo
708 1052 766 1094 rex
780 1028 848 1113 ipse
866 1027 1113 1103 denuntiaverit,
1128 1050 1178 1090 me
1193 1027 1394 1113 majestatem

436 1132 556 1217 regiam
577 1131 740 1205 minuisse,
755 1142 787 1194 et
802 1130 845 1193 ob
864 1130 925 1192 hoc
943 1130 984 1193 ab
1004 1129 1178 1192 amicorum
1199 1142 1231 1192 et
1246 1127 1393 1192 fidelium

435 1256 567 1298 numero
582 1232 827 1298 excludendum.
865 1230 995 1297 Auditis
1014 1231 1109 1294 etiam
1129 1230 1253 1305 litteris,
1271 1231 1393 1315 quibus

435 1324 645 1399 innocentiam
667 1356 769 1397 meam
785 1345 888 1397 vestra
907 1332 1089 1416 benignitas
1111 1331 1290 1412 excusavit,
1304 1352 1392 1393 men-

435 1436 534 1502 dosus
547 1436 600 1502 ille
614 1448 647 1500 et
663 1435 798 1500 mendax
814 1434 919 1499 dicere
934 1454 1032 1497 ausus
1048 1446 1107 1514 est,
1122 1434 1288 1497 Dominus
1297 1454 1391 1515 popa

435 1543 564 1621 scripsit
585 1540 671 1621 quod
691 1539 806 1613 voluit,
836 1558 909 1619 erpo
931 1536 1060 1599 domino
1081 1539 1150 1619 regi
1170 1538 1283 1621 refero,
1307 1535 1394 1617 quod

369 1625 373 1633 ⁵
436 1661 547 1705 nerum
562 1644 643 1705 novi.
686 1638 855 1705 Provideat
879 1637 980 1721 igitur
1003 1637 1081 1702 mihi
1101 1638 1204 1725 pietas
1223 1649 1339 1718 vestra,
1359 1649 1391 1701 et

435 1742 519 1828 regis
532 1742 668 1829 gratiam
683 1740 809 1805 studeat
825 1740 1005 1804 reformare.

575 2029 812 2094 EPISTOLA
840 2027 1088 2096 CXXII.-sn
1103 2048 1256 2094 ananau.

779 2189 917 2251 Domino
931 2191 1044 2273 Papa.

480 2324 652 2388 (insumus
674 2323 805 2408 quidam
827 2323 867 2386 de
888 2322 1011 2387 familia
1031 2320 1188 2387 willelmi
1208 2324 1302 2389 bonae
1326 2346 1391 2387 me-

437 2424 546 2488 moriae
572 2425 783 2489 Eboraceusis
812 2425 1052 2512 archiepiscopi,
1072 2426 1198 2489 nomina
1229 2425 1391 2511 Sympho-

436 2526 555 2603 rianus,
571 2528 602 2590 in
625 2528 795 2613 praeseutia
820 2528 901 2614 regis
929 2528 1082 2614 Stephani
1103 2541 1135 2593 et
1154 2526 1389 2613 episcoporum,

436 2639 469 2692 et
477 2627 634 2693 baronum
646 2630 822 2713 Angliae,in
834 2629 974 2715 quodam
984 2645 1141 2693 conventu
1151 2628 1390 2693 celebriOsber·

437 2743 506 2795 tum
523 2730 755 2795 Eboracensem
770 2730 1026 2796 archidiaconum
1046 2729 1205 2816 impetivit
1221 2751 1316 2814 super
1331 2728 1390 2794 cri·

436 2833 521 2896 mine
532 2834 686 2909 veneficii,
699 2858 763 2920 quo
775 2833 965 2919 praedictum
979 2833 1253 2919 archiepiscopum
1265 2832 1391 2896 dicebat

435 2933 627 3027 extinctum,
649 2959 769 2999 veneno
792 2936 852 2999 sibi
872 2958 930 3022 per
950 2934 1205 2997 archidiaconum
1229 2935 1260 2997 in
1283 2957 1390 2997 mensa

436 3037 569 3099 Domini
584 3040 764 3123 propinato,
785 3045 972 3123 promittens
988 3048 1170 3101 constanter
1191 3059 1223 3099 se
1238 3036 1298 3099 hoc
1313 3035 1390 3098 ferri

434 3136 610 3215 candentia,
626 3148 682 3202 aut
704 3162 798 3224 aquae
817 3139 981 3214 serventiS,
996 3151 1052 3203 aut
1072 3138 1311 3213 monomachiae,
1332 3150 1389 3203 aut

377 3311 379 3315 y
435 3237 499 3301 alio
508 3239 633 3323 judicio
645 3242 862 3326 probaturam.
881 3241 1041 3305 Osbertus
1052 3264 1127 3303 vero
1136 3241 1389 3306 constantissime

435 3338 554 3402 crimen
576 3341 746 3420 inficiatus,
769 3343 937 3429 privilegio
966 3342 1131 3428 dignitatis
1153 3353 1184 3405 et
1206 3338 1326 3405 ordinis
1356 3364 1390 3406 se

435 3461 498 3502 non
519 3440 683 3518 laicorum,
707 3443 761 3507 sed
784 3443 995 3508 ecclesiastico
1017 3457 1142 3508 tantum
1166 3441 1288 3525 judicio
1311 3443 1388 3507 sub·

379 3553 381 3556 ’
431 3541 549 3628 jacere,
571 3557 604 3609 et
626 3568 659 3608 se
680 3545 726 3609 illi
742 3570 799 3633 per
820 3547 927 3610 omnia
941 3561 1088 3633 paratum
1113 3556 1194 3609 stare
1214 3544 1388 3630 respondit.

436 3645 531 3709 Datis
542 3669 618 3732 ergo
627 3648 668 3712 ab
680 3648 824 3734 utrisque
834 3648 1074 3734 fidejussoribus
1083 3648 1124 3712 de
1136 3647 1192 3711 lite
1203 3647 1390 3730 exequenda

430 3745 528 3830 juxta
542 3749 801 3816 consuetudinem
813 3750 918 3835 gentis
934 3765 1049 3814 uostrae
1065 3749 1095 3812 iu
1107 3771 1202 3812 manu
1220 3751 1313 3832 regis,
1331 3748 1388 3834 qui

358 3851 360 3853 ’
435 3837 527 3912 iiobis
538 3851 733 3916 etfratribus
744 3850 1154 3915 nostrisreclamantibuset
1166 3848 1388 3926 renitentibus,

434 3970 561 4013 causam
577 3953 658 4016 hanc
673 3966 804 4039 propter
818 3952 1017 4018 atrocitatem
1040 3950 1191 4027 criminis,
1206 3964 1239 4014 et
1254 3950 1330 4037 quia
1351 3973 1389 4021 eo

435 4064 590 4129 praesente
612 4053 736 4116 initiata
751 4066 829 4130 erat,
845 4054 886 4117 ad
902 4055 1006 4116 forum
1024 4076 1117 4116 suum
1134 4052 1291 4137 pertinere
1306 4051 1389 4116 dice·

436 4146 502 4224 bat,
513 4153 655 4234 usquein
667 4168 795 4217 octavas
802 4155 993 4241 Epiphaniae
1001 4155 1101 4218 dilata
1109 4167 1156 4218 est
1163 4154 1390 4241 controversia,

482 4251 608 4315 Interea
622 4253 688 4339 regi
706 4255 868 4341 Stephano
883 4257 1102 4321 serenissimus
1116 4256 1268 4321 dominus
1280 4268 1386 4319 noster

435 4361 492 4415 tex
516 4354 675 4428 Hernicus
698 4357 859 4432 successit,
884 4356 924 4420 de
939 4359 1032 4443 cujus
1055 4357 1212 4434 manibus,
1236 4357 1290 4421 vix
1314 4379 1386 4422 cum
