<?xml version="1.0" encoding="UTF-8"?>
<!DOCTYPE html PUBLIC "-//W3C//DTD XHTML 1.0 Transitional//EN"
    "http://www.w3.org/TR/xhtml1/DTD/xhtml1-transitional.dtd">
<html xmlns="http://www.w3.org/1999/xhtml" xml:lang="en" lang="en">
 <head>
  <title>
</title>
<meta http-equiv="Content-Type" content="text/html;charset=utf-8" />
  <meta name='ocr-system' content='tesseract 3.04.00' />
  <meta name='ocr-capabilities' content='ocr_page ocr_carea ocr_par ocr_line ocrx_word'/>
</head>
<body>
  <div class='ocr_page' id='page_1' title='image "./operaomnianuncp03johngoog_0128.png"; bbox 0 0 3667 5475; ppageno 0'>
   <div class='ocr_carea' id='block_1_1' title="bbox 535 780 1481 865">
    <p class='ocr_par' dir='ltr' id='par_1_1' title="bbox 535 780 1481 865">
     <span class='ocr_line' id='line_1_1' title="bbox 535 780 1481 865; baseline 0.004 -24"><span class='ocrx_word' id='word_1_1' title='bbox 535 780 596 841; x_wconf 77' lang='grc'>108</span> <span class='ocrx_word' id='word_1_2' title='bbox 791 796 927 842; x_wconf 77' lang='lat' dir='ltr'>romnus</span> <span class='ocrx_word' id='word_1_3' title='bbox 943 785 1220 844; x_wconf 71' lang='lat' dir='ltr'>sanasoa&#39;nrnnsrs</span> <span class='ocrx_word' id='word_1_4' title='bbox 1391 784 1436 865; x_wconf 77' lang='lat' dir='ltr'>[s.</span> <span class='ocrx_word' id='word_1_5' title='bbox 1454 804 1481 847; x_wconf 88' lang='lat' dir='ltr'>n.</span> 
     </span>
    </p>
   </div>
   <div class='ocr_carea' id='block_1_2' title="bbox 801 1056 1207 1281">
    <p class='ocr_par' dir='ltr' id='par_1_2' title="bbox 801 1056 1207 1281">
     <span class='ocr_line' id='line_1_2' title="bbox 801 1056 1207 1123; baseline -0.007 -1"><span class='ocrx_word' id='word_1_6' title='bbox 801 1056 1026 1123; x_wconf 83' lang='lat' dir='ltr'><strong>EPISTOLA</strong></span> <span class='ocrx_word' id='word_1_7' title='bbox 1051 1058 1207 1122; x_wconf 82' lang='lat' dir='ltr'><strong>LXXIX.</strong></span> 
     </span>
     <span class='ocr_line' id='line_1_3' title="bbox 856 1200 1158 1281; baseline 0 -18"><span class='ocrx_word' id='word_1_8' title='bbox 856 1200 978 1263; x_wconf 82' lang='lat' dir='ltr'>Formo</span> <span class='ocrx_word' id='word_1_9' title='bbox 993 1200 1158 1281; x_wconf 78' lang='lat' dir='ltr'>Eligenda‘.</span> 
     </span>
    </p>
   </div>
   <div class='ocr_carea' id='block_1_3' title="bbox 522 1333 1485 4481">
    <p class='ocr_par' dir='ltr' id='par_1_3' title="bbox 522 1333 1485 4481">
     <span class='ocr_line' id='line_1_4' title="bbox 572 1333 1485 1404; baseline 0.007 -5"><span class='ocrx_word' id='word_1_10' title='bbox 572 1337 626 1400; x_wconf 86' lang='lat' dir='ltr'>Ex</span> <span class='ocrx_word' id='word_1_11' title='bbox 641 1334 792 1400; x_wconf 84' lang='lat' dir='ltr'><strong>relatione</strong></span> <span class='ocrx_word' id='word_1_12' title='bbox 808 1334 925 1399; x_wconf 87' lang='lat' dir='ltr'>nobilis</span> <span class='ocrx_word' id='word_1_13' title='bbox 941 1336 1000 1399; x_wconf 86' lang='lat' dir='ltr'>viri</span> <span class='ocrx_word' id='word_1_14' title='bbox 1025 1333 1157 1399; x_wconf 89' lang='lat' dir='ltr'>Ricardi</span> <span class='ocrx_word' id='word_1_15' title='bbox 1178 1338 1305 1401; x_wconf 89' lang='lat' dir='ltr'>comitis</span> <span class='ocrx_word' id='word_1_16' title='bbox 1329 1338 1485 1404; x_wconf 85' lang='lat' dir='ltr'>Devoniae</span> 
     </span>
     <span class='ocr_line' id='line_1_5' title="bbox 526 1434 1484 1521; baseline 0.007 -21"><span class='ocrx_word' id='word_1_17' title='bbox 526 1450 559 1501; x_wconf 91' lang='lat' dir='ltr'>et</span> <span class='ocrx_word' id='word_1_18' title='bbox 575 1438 669 1501; x_wconf 79' lang='lat' dir='ltr'>Alani</span> <span class='ocrx_word' id='word_1_19' title='bbox 684 1437 724 1501; x_wconf 89' lang='lat' dir='ltr'>de</span> <span class='ocrx_word' id='word_1_20' title='bbox 750 1434 922 1516; x_wconf 88' lang='lat' dir='ltr'>Furnellis,</span> <span class='ocrx_word' id='word_1_21' title='bbox 938 1439 994 1521; x_wconf 93' lang='lat' dir='ltr'>qui</span> <span class='ocrx_word' id='word_1_22' title='bbox 1014 1457 1047 1499; x_wconf 87' lang='lat' dir='ltr'>se</span> <span class='ocrx_word' id='word_1_23' title='bbox 1062 1437 1249 1503; x_wconf 76' lang='lat' dir='ltr'>interfuisse</span> <span class='ocrx_word' id='word_1_24' title='bbox 1275 1454 1419 1506; x_wconf 88' lang='lat' dir='ltr'>asserunt</span> <span class='ocrx_word' id='word_1_25' title='bbox 1434 1444 1484 1520; x_wconf 90' lang='lat' dir='ltr'>iis,</span> 
     </span>
     <span class='ocr_line' id='line_1_6' title="bbox 529 1538 1485 1627; baseline 0.004 -23"><span class='ocrx_word' id='word_1_26' title='bbox 529 1563 601 1627; x_wconf 85' lang='lat' dir='ltr'>quoe</span> <span class='ocrx_word' id='word_1_27' title='bbox 626 1551 743 1604; x_wconf 85' lang='lat' dir='ltr'>sanctae</span> <span class='ocrx_word' id='word_1_28' title='bbox 767 1542 928 1603; x_wconf 84' lang='lat' dir='ltr'>memoriae</span> <span class='ocrx_word' id='word_1_29' title='bbox 953 1538 994 1601; x_wconf 88' lang='lat' dir='ltr'>R.</span> <span class='ocrx_word' id='word_1_30' title='bbox 1015 1540 1103 1622; x_wconf 91' lang='lat' dir='ltr'>prior</span> <span class='ocrx_word' id='word_1_31' title='bbox 1126 1551 1229 1604; x_wconf 90' lang='lat' dir='ltr'>vester</span> <span class='ocrx_word' id='word_1_32' title='bbox 1253 1563 1352 1626; x_wconf 89' lang='lat' dir='ltr'>agens</span> <span class='ocrx_word' id='word_1_33' title='bbox 1375 1546 1409 1607; x_wconf 92' lang='lat' dir='ltr'>iu</span> <span class='ocrx_word' id='word_1_34' title='bbox 1432 1567 1485 1608; x_wconf 84' lang='lat' dir='ltr'>ex-</span> 
     </span>
     <span class='ocr_line' id='line_1_7' title="bbox 528 1640 1483 1729; baseline 0.005 -23"><span class='ocrx_word' id='word_1_35' title='bbox 528 1644 638 1708; x_wconf 83' lang='lat' dir='ltr'>tremis</span> <span class='ocrx_word' id='word_1_36' title='bbox 666 1640 836 1727; x_wconf 86' lang='lat' dir='ltr'>disposuit,</span> <span class='ocrx_word' id='word_1_37' title='bbox 862 1662 964 1727; x_wconf 83' lang='lat' dir='ltr'>nuper</span> <span class='ocrx_word' id='word_1_38' title='bbox 989 1641 1180 1727; x_wconf 88' lang='lat' dir='ltr'>accepimus‚</span> <span class='ocrx_word' id='word_1_39' title='bbox 1209 1643 1297 1728; x_wconf 93' lang='lat' dir='ltr'>qnod</span> <span class='ocrx_word' id='word_1_40' title='bbox 1327 1646 1483 1729; x_wconf 86' lang='lat' dir='ltr'>proefatus</span> 
     </span>
     <span class='ocr_line' id='line_1_8' title="bbox 528 1742 1482 1831; baseline 0.006 -23"><span class='ocrx_word' id='word_1_41' title='bbox 528 1744 648 1810; x_wconf 87' lang='lat' dir='ltr'>amicus</span> <span class='ocrx_word' id='word_1_42' title='bbox 663 1745 794 1809; x_wconf 88' lang='lat' dir='ltr'><strong>Domini</strong></span> <span class='ocrx_word' id='word_1_43' title='bbox 808 1742 1022 1827; x_wconf 87' lang='lat' dir='ltr'>interrogatus</span> <span class='ocrx_word' id='word_1_44' title='bbox 1037 1765 1055 1806; x_wconf 89' lang='lat' dir='ltr'>a</span> <span class='ocrx_word' id='word_1_45' title='bbox 1072 1744 1163 1808; x_wconf 89' lang='lat' dir='ltr'>vobis</span> <span class='ocrx_word' id='word_1_46' title='bbox 1178 1768 1274 1831; x_wconf 93' lang='lat' dir='ltr'>quem</span> <span class='ocrx_word' id='word_1_47' title='bbox 1290 1746 1442 1824; x_wconf 80' lang='lat' dir='ltr'><strong>fratrum,</strong></span> <span class='ocrx_word' id='word_1_48' title='bbox 1457 1751 1482 1814; x_wconf 92' lang='lat' dir='ltr'>si</span> 
     </span>
     <span class='ocr_line' id='line_1_9' title="bbox 528 1845 1482 1936; baseline 0.005 -26"><span class='ocrx_word' id='word_1_49' title='bbox 528 1846 597 1933; x_wconf 87' lang='lat' dir='ltr'>ipse</span> <span class='ocrx_word' id='word_1_50' title='bbox 611 1848 694 1911; x_wconf 82' lang='lat' dir='ltr'>forte</span> <span class='ocrx_word' id='word_1_51' title='bbox 718 1849 751 1910; x_wconf 92' lang='lat' dir='ltr'>in</span> <span class='ocrx_word' id='word_1_52' title='bbox 774 1846 841 1911; x_wconf 87' lang='lat' dir='ltr'>sata</span> <span class='ocrx_word' id='word_1_53' title='bbox 862 1845 1060 1922; x_wconf 84' lang='lat' dir='ltr'>concederet,</span> <span class='ocrx_word' id='word_1_54' title='bbox 1076 1845 1135 1910; x_wconf 89' lang='lat' dir='ltr'>sibi</span> <span class='ocrx_word' id='word_1_55' title='bbox 1158 1846 1291 1913; x_wconf 86' lang='lat' dir='ltr'>duceret</span> <span class='ocrx_word' id='word_1_56' title='bbox 1306 1849 1482 1936; x_wconf 83' lang='lat' dir='ltr'>subrogan-</span> 
     </span>
     <span class='ocr_line' id='line_1_10' title="bbox 528 1929 1482 2034; baseline 0.006 -23"><span class='ocrx_word' id='word_1_57' title='bbox 528 1947 619 2025; x_wconf 87' lang='lat' dir='ltr'><strong>dum,</strong></span> <span class='ocrx_word' id='word_1_58' title='bbox 627 1949 756 2011; x_wconf 82' lang='lat' dir='ltr'>fratrem</span> <span class='ocrx_word' id='word_1_59' title='bbox 769 1946 941 2011; x_wconf 80' lang='lat' dir='ltr'><strong>Ricardum</strong></span> <span class='ocrx_word' id='word_1_60' title='bbox 953 1970 993 2011; x_wconf 86' lang='lat' dir='ltr'>ex</span> <span class='ocrx_word' id='word_1_61' title='bbox 1002 1929 1129 2012; x_wconf 75' lang='lat' dir='ltr'>nomine</span> <span class='ocrx_word' id='word_1_62' title='bbox 1138 1948 1327 2034; x_wconf 81' lang='lat' dir='ltr'>designavit,</span> <span class='ocrx_word' id='word_1_63' title='bbox 1334 1952 1482 2031; x_wconf 88' lang='lat' dir='ltr'>suadens,</span> 
     </span>
     <span class='ocr_line' id='line_1_11' title="bbox 524 2047 1480 2138; baseline 0.006 -25"><span class='ocrx_word' id='word_1_64' title='bbox 524 2062 558 2113; x_wconf 90' lang='lat' dir='ltr'>et</span> <span class='ocrx_word' id='word_1_65' title='bbox 588 2049 651 2133; x_wconf 85' lang='lat' dir='ltr'>pia,</span> <span class='ocrx_word' id='word_1_66' title='bbox 676 2071 743 2133; x_wconf 91' lang='lat' dir='ltr'>qua</span> <span class='ocrx_word' id='word_1_67' title='bbox 771 2047 926 2133; x_wconf 74' lang='lat' dir='ltr'>preditus</span> <span class='ocrx_word' id='word_1_68' title='bbox 952 2061 1032 2125; x_wconf 90' lang='lat' dir='ltr'>erat,</span> <span class='ocrx_word' id='word_1_69' title='bbox 1058 2050 1223 2128; x_wconf 90' lang='lat' dir='ltr'>modestia,</span> <span class='ocrx_word' id='word_1_70' title='bbox 1250 2051 1311 2115; x_wconf 88' lang='lat' dir='ltr'>sub</span> <span class='ocrx_word' id='word_1_71' title='bbox 1340 2052 1480 2138; x_wconf 82' lang='lat' dir='ltr'>imagine</span> 
     </span>
     <span class='ocr_line' id='line_1_12' title="bbox 526 2148 1483 2239; baseline 0.006 -25"><span class='ocrx_word' id='word_1_72' title='bbox 526 2149 650 2214; x_wconf 89' lang='lat' dir='ltr'>consilii</span> <span class='ocrx_word' id='word_1_73' title='bbox 675 2148 872 2235; x_wconf 70' lang='lat' dir='ltr'>precipiens,</span> <span class='ocrx_word' id='word_1_74' title='bbox 895 2160 932 2213; x_wconf 93' lang='lat' dir='ltr'>ut</span> <span class='ocrx_word' id='word_1_75' title='bbox 957 2171 1068 2214; x_wconf 90' lang='lat' dir='ltr'>omnes</span> <span class='ocrx_word' id='word_1_76' title='bbox 1093 2149 1195 2235; x_wconf 88' lang='lat' dir='ltr'>ipsius</span> <span class='ocrx_word' id='word_1_77' title='bbox 1219 2152 1483 2239; x_wconf 82' lang='lat' dir='ltr'>obtemperaretis</span> 
     </span>
     <span class='ocr_line' id='line_1_13' title="bbox 527 2251 1483 2343; baseline 0.008 -28"><span class='ocrx_word' id='word_1_78' title='bbox 527 2251 671 2317; x_wconf 88' lang='lat' dir='ltr'>arbitrio.</span> <span class='ocrx_word' id='word_1_79' title='bbox 717 2251 962 2315; x_wconf 82' lang='lat' dir='ltr'>Observandum</span> <span class='ocrx_word' id='word_1_80' title='bbox 992 2251 1123 2334; x_wconf 88' lang='lat' dir='ltr'>quidem</span> <span class='ocrx_word' id='word_1_81' title='bbox 1153 2264 1222 2317; x_wconf 93' lang='lat' dir='ltr'>erat</span> <span class='ocrx_word' id='word_1_82' title='bbox 1251 2257 1351 2320; x_wconf 89' lang='lat' dir='ltr'>sancti</span> <span class='ocrx_word' id='word_1_83' title='bbox 1382 2258 1483 2343; x_wconf 89' lang='lat' dir='ltr'>patris</span> 
     </span>
     <span class='ocr_line' id='line_1_14' title="bbox 529 2354 1482 2446; baseline 0.006 -27"><span class='ocrx_word' id='word_1_84' title='bbox 529 2355 727 2435; x_wconf 85' lang='lat' dir='ltr'>mandatum,</span> <span class='ocrx_word' id='word_1_85' title='bbox 748 2354 924 2440; x_wconf 87' lang='lat' dir='ltr'>proesertim</span> <span class='ocrx_word' id='word_1_86' title='bbox 952 2354 1033 2418; x_wconf 92' lang='lat' dir='ltr'>illud</span> <span class='ocrx_word' id='word_1_87' title='bbox 1059 2355 1146 2441; x_wconf 90' lang='lat' dir='ltr'>quod</span> <span class='ocrx_word' id='word_1_88' title='bbox 1173 2356 1316 2423; x_wconf 85' lang='lat' dir='ltr'>dictabat</span> <span class='ocrx_word' id='word_1_89' title='bbox 1339 2361 1482 2446; x_wconf 87' lang='lat' dir='ltr'>Spiritus</span> 
     </span>
     <span class='ocr_line' id='line_1_15' title="bbox 528 2456 1480 2546; baseline 0.003 -22"><span class='ocrx_word' id='word_1_90' title='bbox 528 2462 600 2524; x_wconf 88' lang='lat' dir='ltr'>Deo</span> <span class='ocrx_word' id='word_1_91' title='bbox 621 2456 746 2543; x_wconf 88' lang='lat' dir='ltr'>plenus,</span> <span class='ocrx_word' id='word_1_92' title='bbox 768 2478 869 2543; x_wconf 93' lang='lat' dir='ltr'>quum</span> <span class='ocrx_word' id='word_1_93' title='bbox 892 2457 934 2520; x_wconf 88' lang='lat' dir='ltr'>de</span> <span class='ocrx_word' id='word_1_94' title='bbox 955 2456 1058 2521; x_wconf 89' lang='lat' dir='ltr'>carnis</span> <span class='ocrx_word' id='word_1_95' title='bbox 1079 2459 1243 2541; x_wconf 83' lang='lat' dir='ltr'>ergastulo</span> <span class='ocrx_word' id='word_1_96' title='bbox 1264 2461 1416 2546; x_wconf 84' lang='lat' dir='ltr'>migraret</span> <span class='ocrx_word' id='word_1_97' title='bbox 1438 2463 1480 2527; x_wconf 90' lang='lat' dir='ltr'>ad</span> 
     </span>
     <span class='ocr_line' id='line_1_16' title="bbox 528 2558 1480 2640; baseline 0.004 -14"><span class='ocrx_word' id='word_1_98' title='bbox 528 2560 701 2627; x_wconf 83' lang='lat' dir='ltr'>Christum.</span> <span class='ocrx_word' id='word_1_99' title='bbox 747 2560 842 2623; x_wconf 91' lang='lat' dir='ltr'>Nunc</span> <span class='ocrx_word' id='word_1_100' title='bbox 857 2571 976 2640; x_wconf 90' lang='lat' dir='ltr'>autem,</span> <span class='ocrx_word' id='word_1_101' title='bbox 992 2558 1073 2624; x_wconf 88' lang='lat' dir='ltr'>sicut</span> <span class='ocrx_word' id='word_1_102' title='bbox 1089 2582 1146 2624; x_wconf 90' lang='lat' dir='ltr'>nos</span> <span class='ocrx_word' id='word_1_103' title='bbox 1161 2561 1201 2626; x_wconf 91' lang='lat' dir='ltr'>ab</span> <span class='ocrx_word' id='word_1_104' title='bbox 1215 2564 1480 2631; x_wconf 87' lang='lat' dir='ltr'>intermeantibus</span> 
     </span>
     <span class='ocr_line' id='line_1_17' title="bbox 526 2661 1480 2750; baseline 0.004 -21"><span class='ocrx_word' id='word_1_105' title='bbox 526 2663 568 2729; x_wconf 91' lang='lat' dir='ltr'>de</span> <span class='ocrx_word' id='word_1_106' title='bbox 589 2684 673 2728; x_wconf 89' lang='lat' dir='ltr'>novo</span> <span class='ocrx_word' id='word_1_107' title='bbox 695 2662 851 2750; x_wconf 86' lang='lat' dir='ltr'>accepisse</span> <span class='ocrx_word' id='word_1_108' title='bbox 873 2661 1030 2737; x_wconf 91' lang='lat' dir='ltr'>dolemus,</span> <span class='ocrx_word' id='word_1_109' title='bbox 1046 2675 1118 2749; x_wconf 88' lang='lat' dir='ltr'>post</span> <span class='ocrx_word' id='word_1_110' title='bbox 1141 2677 1274 2728; x_wconf 91' lang='lat' dir='ltr'>mortem</span> <span class='ocrx_word' id='word_1_111' title='bbox 1297 2666 1396 2731; x_wconf 84' lang='lat' dir='ltr'>sancti</span> <span class='ocrx_word' id='word_1_112' title='bbox 1419 2668 1480 2733; x_wconf 89' lang='lat' dir='ltr'>viri</span> 
     </span>
     <span class='ocr_line' id='line_1_18' title="bbox 526 2765 1477 2855; baseline 0.002 -20"><span class='ocrx_word' id='word_1_113' title='bbox 526 2767 681 2855; x_wconf 82' lang='lat' dir='ltr'>expetivit</span> <span class='ocrx_word' id='word_1_114' title='bbox 697 2791 753 2831; x_wconf 92' lang='lat' dir='ltr'>vos</span> <span class='ocrx_word' id='word_1_115' title='bbox 773 2765 939 2844; x_wconf 75' lang='lat' dir='ltr'>SatbanaS,</span> <span class='ocrx_word' id='word_1_116' title='bbox 956 2779 992 2830; x_wconf 92' lang='lat' dir='ltr'>ut</span> <span class='ocrx_word' id='word_1_117' title='bbox 1014 2788 1072 2852; x_wconf 91' lang='lat' dir='ltr'>per</span> <span class='ocrx_word' id='word_1_118' title='bbox 1096 2768 1228 2832; x_wconf 87' lang='lat' dir='ltr'>Petrum</span> <span class='ocrx_word' id='word_1_119' title='bbox 1251 2768 1291 2833; x_wconf 91' lang='lat' dir='ltr'>de</span> <span class='ocrx_word' id='word_1_120' title='bbox 1314 2771 1477 2847; x_wconf 81' lang='lat' dir='ltr'>Tantone,</span> 
     </span>
     <span class='ocr_line' id='line_1_19' title="bbox 525 2867 1478 2952; baseline 0.005 -18"><span class='ocrx_word' id='word_1_121' title='bbox 525 2882 559 2934; x_wconf 89' lang='lat' dir='ltr'>et</span> <span class='ocrx_word' id='word_1_122' title='bbox 577 2867 775 2933; x_wconf 89' lang='lat' dir='ltr'>Willelmum</span> <span class='ocrx_word' id='word_1_123' title='bbox 790 2868 919 2933; x_wconf 84' lang='lat' dir='ltr'>fratrem</span> <span class='ocrx_word' id='word_1_124' title='bbox 942 2869 1023 2952; x_wconf 90' lang='lat' dir='ltr'>ejus,</span> <span class='ocrx_word' id='word_1_125' title='bbox 1040 2889 1098 2932; x_wconf 87' lang='lat' dir='ltr'>vos</span> <span class='ocrx_word' id='word_1_126' title='bbox 1119 2868 1152 2930; x_wconf 91' lang='lat' dir='ltr'>in</span> <span class='ocrx_word' id='word_1_127' title='bbox 1168 2869 1274 2934; x_wconf 91' lang='lat' dir='ltr'>cribro</span> <span class='ocrx_word' id='word_1_128' title='bbox 1289 2871 1420 2939; x_wconf 87' lang='lat' dir='ltr'>ventilet</span> <span class='ocrx_word' id='word_1_129' title='bbox 1439 2874 1478 2938; x_wconf 87' lang='lat' dir='ltr'>le·</span> 
     </span>
     <span class='ocr_line' id='line_1_20' title="bbox 528 2968 1477 3060; baseline 0.007 -26"><span class='ocrx_word' id='word_1_130' title='bbox 528 2970 647 3047; x_wconf 88' lang='lat' dir='ltr'>vitatis,</span> <span class='ocrx_word' id='word_1_131' title='bbox 663 2985 695 3035; x_wconf 89' lang='lat' dir='ltr'>et</span> <span class='ocrx_word' id='word_1_132' title='bbox 715 2968 823 3055; x_wconf 88' lang='lat' dir='ltr'>ejectis</span> <span class='ocrx_word' id='word_1_133' title='bbox 845 2968 1019 3054; x_wconf 88' lang='lat' dir='ltr'>parietibus</span> <span class='ocrx_word' id='word_1_134' title='bbox 1033 2991 1051 3032; x_wconf 89' lang='lat' dir='ltr'>e</span> <span class='ocrx_word' id='word_1_135' title='bbox 1070 2970 1210 3055; x_wconf 82' lang='lat' dir='ltr'>regione,</span> <span class='ocrx_word' id='word_1_136' title='bbox 1226 2994 1308 3049; x_wconf 89' lang='lat' dir='ltr'>eam,</span> <span class='ocrx_word' id='word_1_137' title='bbox 1324 2999 1421 3060; x_wconf 83' lang='lat' dir='ltr'>quam</span> <span class='ocrx_word' id='word_1_138' title='bbox 1445 2977 1477 3040; x_wconf 91' lang='lat' dir='ltr'>in</span> 
     </span>
     <span class='ocr_line' id='line_1_21' title="bbox 525 3071 1478 3164; baseline 0.008 -30"><span class='ocrx_word' id='word_1_139' title='bbox 525 3071 615 3136; x_wconf 90' lang='lat' dir='ltr'>vobis</span> <span class='ocrx_word' id='word_1_140' title='bbox 641 3084 769 3135; x_wconf 89' lang='lat' dir='ltr'>sanctus</span> <span class='ocrx_word' id='word_1_141' title='bbox 794 3084 886 3156; x_wconf 87' lang='lat' dir='ltr'>pater</span> <span class='ocrx_word' id='word_1_142' title='bbox 907 3071 1111 3148; x_wconf 86' lang='lat' dir='ltr'>fundaverat,</span> <span class='ocrx_word' id='word_1_143' title='bbox 1135 3072 1259 3138; x_wconf 87' lang='lat' dir='ltr'>scindat</span> <span class='ocrx_word' id='word_1_144' title='bbox 1286 3087 1319 3138; x_wconf 91' lang='lat' dir='ltr'>et</span> <span class='ocrx_word' id='word_1_145' title='bbox 1345 3075 1478 3164; x_wconf 87' lang='lat' dir='ltr'>dissipet</span> 
     </span>
     <span class='ocr_line' id='line_1_22' title="bbox 527 3171 1475 3264; baseline 0.006 -26"><span class='ocrx_word' id='word_1_146' title='bbox 527 3174 692 3239; x_wconf 86' lang='lat' dir='ltr'>unitatem.</span> <span class='ocrx_word' id='word_1_147' title='bbox 730 3171 827 3236; x_wconf 91' lang='lat' dir='ltr'>Plane</span> <span class='ocrx_word' id='word_1_148' title='bbox 843 3171 1038 3258; x_wconf 87' lang='lat' dir='ltr'>quicumque</span> <span class='ocrx_word' id='word_1_149' title='bbox 1048 3174 1109 3238; x_wconf 90' lang='lat' dir='ltr'>hoc</span> <span class='ocrx_word' id='word_1_150' title='bbox 1121 3173 1307 3250; x_wconf 89' lang='lat' dir='ltr'>moliuntur,</span> <span class='ocrx_word' id='word_1_151' title='bbox 1320 3195 1475 3264; x_wconf 91' lang='lat' dir='ltr'>quantum</span> 
     </span>
     <span class='ocr_line' id='line_1_23' title="bbox 524 3274 1477 3361; baseline 0.006 -20"><span class='ocrx_word' id='word_1_152' title='bbox 524 3279 557 3340; x_wconf 91' lang='lat' dir='ltr'>in</span> <span class='ocrx_word' id='word_1_153' title='bbox 580 3275 656 3361; x_wconf 86' lang='lat' dir='ltr'>ipsis</span> <span class='ocrx_word' id='word_1_154' title='bbox 677 3283 736 3351; x_wconf 88' lang='lat' dir='ltr'>est,</span> <span class='ocrx_word' id='word_1_155' title='bbox 752 3274 917 3340; x_wconf 90' lang='lat' dir='ltr'>Christum</span> <span class='ocrx_word' id='word_1_156' title='bbox 941 3277 1155 3341; x_wconf 85' lang='lat' dir='ltr'>exterminant</span> <span class='ocrx_word' id='word_1_157' title='bbox 1177 3277 1346 3343; x_wconf 89' lang='lat' dir='ltr'>demedio</span> <span class='ocrx_word' id='word_1_158' title='bbox 1369 3284 1477 3348; x_wconf 89' lang='lat' dir='ltr'>vestri.</span> 
     </span>
     <span class='ocr_line' id='line_1_24' title="bbox 527 3373 1477 3465; baseline 0.012 -26"><span class='ocrx_word' id='word_1_159' title='bbox 527 3374 691 3462; x_wconf 90' lang='lat' dir='ltr'>Siquidem</span> <span class='ocrx_word' id='word_1_160' title='bbox 715 3374 747 3436; x_wconf 92' lang='lat' dir='ltr'>in</span> <span class='ocrx_word' id='word_1_161' title='bbox 775 3373 950 3438; x_wconf 86' lang='lat' dir='ltr'>sanctitatis</span> <span class='ocrx_word' id='word_1_162' title='bbox 976 3390 1008 3440; x_wconf 92' lang='lat' dir='ltr'>et</span> <span class='ocrx_word' id='word_1_163' title='bbox 1029 3377 1167 3463; x_wconf 79' lang='lat' dir='ltr'>justitiae</span> <span class='ocrx_word' id='word_1_164' title='bbox 1194 3402 1270 3465; x_wconf 88' lang='lat' dir='ltr'>pace</span> <span class='ocrx_word' id='word_1_165' title='bbox 1295 3381 1403 3446; x_wconf 85' lang='lat' dir='ltr'>lactus</span> <span class='ocrx_word' id='word_1_166' title='bbox 1428 3397 1477 3449; x_wconf 87' lang='lat' dir='ltr'>est</span> 
     </span>
     <span class='ocr_line' id='line_1_25' title="bbox 524 3475 1478 3562; baseline 0.007 -21"><span class='ocrx_word' id='word_1_167' title='bbox 524 3478 614 3541; x_wconf 91' lang='lat' dir='ltr'>locus</span> <span class='ocrx_word' id='word_1_168' title='bbox 629 3476 709 3562; x_wconf 84' lang='lat' dir='ltr'>ejus,</span> <span class='ocrx_word' id='word_1_169' title='bbox 726 3475 792 3538; x_wconf 90' lang='lat' dir='ltr'>sine</span> <span class='ocrx_word' id='word_1_170' title='bbox 814 3497 880 3560; x_wconf 92' lang='lat' dir='ltr'>qua</span> <span class='ocrx_word' id='word_1_171' title='bbox 901 3497 994 3538; x_wconf 87' lang='lat' dir='ltr'>nemo</span> <span class='ocrx_word' id='word_1_172' title='bbox 1016 3476 1139 3542; x_wconf 88' lang='lat' dir='ltr'>videbit</span> <span class='ocrx_word' id='word_1_173' title='bbox 1162 3481 1348 3546; x_wconf 87' lang='lat' dir='ltr'>Dominum.</span> <span class='ocrx_word' id='word_1_174' title='bbox 1396 3484 1478 3548; x_wconf 88' lang='lat' dir='ltr'>lnde</span> 
     </span>
     <span class='ocr_line' id='line_1_26' title="bbox 523 3574 1477 3664; baseline 0.008 -22"><span class='ocrx_word' id='word_1_175' title='bbox 523 3591 570 3642; x_wconf 89' lang='lat' dir='ltr'>est</span> <span class='ocrx_word' id='word_1_176' title='bbox 598 3575 684 3664; x_wconf 94' lang='lat' dir='ltr'>quod</span> <span class='ocrx_word' id='word_1_177' title='bbox 713 3574 909 3640; x_wconf 86' lang='lat' dir='ltr'>universitati</span> <span class='ocrx_word' id='word_1_178' title='bbox 937 3589 1051 3640; x_wconf 87' lang='lat' dir='ltr'>vestrae</span> <span class='ocrx_word' id='word_1_179' title='bbox 1077 3577 1109 3641; x_wconf 94' lang='lat' dir='ltr'>in</span> <span class='ocrx_word' id='word_1_180' title='bbox 1137 3579 1257 3644; x_wconf 91' lang='lat' dir='ltr'>virtute</span> <span class='ocrx_word' id='word_1_181' title='bbox 1285 3581 1477 3650; x_wconf 71' lang='lat' dir='ltr'>obedientiae</span> 
     </span>
     <span class='ocr_line' id='line_1_27' title="bbox 522 3677 1476 3769; baseline 0.007 -24"><span class='ocrx_word' id='word_1_182' title='bbox 522 3679 738 3769; x_wconf 73' lang='lat' dir='ltr'>praecipiendo</span> <span class='ocrx_word' id='word_1_183' title='bbox 764 3677 963 3757; x_wconf 88' lang='lat' dir='ltr'>mandamus,</span> <span class='ocrx_word' id='word_1_184' title='bbox 987 3692 1148 3764; x_wconf 90' lang='lat' dir='ltr'>quatenus</span> <span class='ocrx_word' id='word_1_185' title='bbox 1173 3682 1262 3746; x_wconf 82' lang='lat' dir='ltr'>fratri</span> <span class='ocrx_word' id='word_1_186' title='bbox 1291 3701 1476 3768; x_wconf 86' lang='lat' dir='ltr'>memorato,</span> 
     </span>
     <span class='ocr_line' id='line_1_28' title="bbox 522 3780 1476 3872; baseline 0.005 -23"><span class='ocrx_word' id='word_1_187' title='bbox 522 3807 619 3872; x_wconf 88' lang='lat' dir='ltr'>quem</span> <span class='ocrx_word' id='word_1_188' title='bbox 636 3783 727 3847; x_wconf 87' lang='lat' dir='ltr'>vobis</span> <span class='ocrx_word' id='word_1_189' title='bbox 741 3794 832 3868; x_wconf 89' lang='lat' dir='ltr'>pater</span> <span class='ocrx_word' id='word_1_190' title='bbox 847 3780 1002 3846; x_wconf 88' lang='lat' dir='ltr'>decedens</span> <span class='ocrx_word' id='word_1_191' title='bbox 1018 3782 1136 3868; x_wconf 87' lang='lat' dir='ltr'>praelici</span> <span class='ocrx_word' id='word_1_192' title='bbox 1153 3783 1268 3861; x_wconf 91' lang='lat' dir='ltr'>voluit,</span> <span class='ocrx_word' id='word_1_193' title='bbox 1280 3784 1312 3848; x_wconf 92' lang='lat' dir='ltr'>in</span> <span class='ocrx_word' id='word_1_194' title='bbox 1328 3789 1476 3854; x_wconf 91' lang='lat' dir='ltr'>omnibns</span> 
     </span>
     <span class='ocr_line' id='line_1_29' title="bbox 523 3881 1475 3973; baseline 0.001 -22"><span class='ocrx_word' id='word_1_195' title='bbox 523 3910 597 3973; x_wconf 84' lang='lat' dir='ltr'>quae</span> <span class='ocrx_word' id='word_1_196' title='bbox 621 3884 660 3949; x_wconf 87' lang='lat' dir='ltr'>ad</span> <span class='ocrx_word' id='word_1_197' title='bbox 688 3883 862 3949; x_wconf 89' lang='lat' dir='ltr'>Dominum</span> <span class='ocrx_word' id='word_1_198' title='bbox 888 3894 961 3946; x_wconf 89' lang='lat' dir='ltr'>sunt</span> <span class='ocrx_word' id='word_1_199' title='bbox 978 3881 1114 3948; x_wconf 87' lang='lat' dir='ltr'>fideliter</span> <span class='ocrx_word' id='word_1_200' title='bbox 1136 3883 1303 3964; x_wconf 87' lang='lat' dir='ltr'>obediatis,</span> <span class='ocrx_word' id='word_1_201' title='bbox 1319 3886 1421 3951; x_wconf 88' lang='lat' dir='ltr'>donec</span> <span class='ocrx_word' id='word_1_202' title='bbox 1443 3888 1475 3952; x_wconf 91' lang='lat' dir='ltr'>in</span> 
     </span>
     <span class='ocr_line' id='line_1_30' title="bbox 523 3983 1476 4059; baseline 0.005 -9"><span class='ocrx_word' id='word_1_203' title='bbox 523 3987 653 4050; x_wconf 88' lang='lat' dir='ltr'>ecclesia</span> <span class='ocrx_word' id='word_1_204' title='bbox 676 3985 860 4059; x_wconf 86' lang='lat' dir='ltr'>Exoniensi,</span> <span class='ocrx_word' id='word_1_205' title='bbox 881 3983 934 4045; x_wconf 87' lang='lat' dir='ltr'>cui</span> <span class='ocrx_word' id='word_1_206' title='bbox 957 3983 1072 4047; x_wconf 88' lang='lat' dir='ltr'>domus</span> <span class='ocrx_word' id='word_1_207' title='bbox 1094 3998 1208 4051; x_wconf 85' lang='lat' dir='ltr'>vestrae</span> <span class='ocrx_word' id='word_1_208' title='bbox 1239 3987 1386 4052; x_wconf 89' lang='lat' dir='ltr'>custodia</span> <span class='ocrx_word' id='word_1_209' title='bbox 1415 3989 1476 4055; x_wconf 90' lang='lat' dir='ltr'>du-</span> 
     </span>
     <span class='ocr_line' id='line_1_31' title="bbox 524 4084 1475 4173; baseline 0.008 -26"><span class='ocrx_word' id='word_1_210' title='bbox 524 4084 599 4173; x_wconf 90' lang='lat' dir='ltr'>plici</span> <span class='ocrx_word' id='word_1_211' title='bbox 611 4086 696 4170; x_wconf 85' lang='lat' dir='ltr'>jure‚</span> <span class='ocrx_word' id='word_1_212' title='bbox 708 4084 922 4170; x_wconf 89' lang='lat' dir='ltr'>spiritualium</span> <span class='ocrx_word' id='word_1_213' title='bbox 938 4098 972 4149; x_wconf 92' lang='lat' dir='ltr'>et</span> <span class='ocrx_word' id='word_1_214' title='bbox 988 4086 1221 4170; x_wconf 88' lang='lat' dir='ltr'>temporalium,</span> <span class='ocrx_word' id='word_1_215' title='bbox 1238 4090 1405 4155; x_wconf 84' lang='lat' dir='ltr'>commissa</span> <span class='ocrx_word' id='word_1_216' title='bbox 1416 4103 1475 4168; x_wconf 87' lang='lat' dir='ltr'>est,</span> 
     </span>
     <span class='ocr_line' id='line_1_32' title="bbox 522 4184 1476 4275; baseline 0.005 -22"><span class='ocrx_word' id='word_1_217' title='bbox 522 4200 649 4253; x_wconf 89' lang='lat' dir='ltr'>auctore</span> <span class='ocrx_word' id='word_1_218' title='bbox 675 4184 814 4249; x_wconf 89' lang='lat' dir='ltr'>Domino</span> <span class='ocrx_word' id='word_1_219' title='bbox 844 4187 1001 4269; x_wconf 90' lang='lat' dir='ltr'>possimus</span> <span class='ocrx_word' id='word_1_220' title='bbox 1030 4189 1176 4254; x_wconf 89' lang='lat' dir='ltr'>ordinare</span> <span class='ocrx_word' id='word_1_221' title='bbox 1208 4202 1379 4275; x_wconf 86' lang='lat' dir='ltr'>pastorem,</span> <span class='ocrx_word' id='word_1_222' title='bbox 1407 4196 1476 4258; x_wconf 91' lang='lat' dir='ltr'>sine</span> 
     </span>
     <span class='ocr_line' id='line_1_33' title="bbox 525 4285 1476 4378; baseline 0.008 -23"><span class='ocrx_word' id='word_1_223' title='bbox 525 4288 617 4374; x_wconf 90' lang='lat' dir='ltr'>cujus</span> <span class='ocrx_word' id='word_1_224' title='bbox 643 4285 829 4373; x_wconf 73' lang='lat' dir='ltr'>prejudicio</span> <span class='ocrx_word' id='word_1_225' title='bbox 849 4287 974 4351; x_wconf 87' lang='lat' dir='ltr'>interim</span> <span class='ocrx_word' id='word_1_226' title='bbox 998 4290 1058 4355; x_wconf 88' lang='lat' dir='ltr'>hoc</span> <span class='ocrx_word' id='word_1_227' title='bbox 1079 4292 1283 4378; x_wconf 88' lang='lat' dir='ltr'>praecipimus</span> <span class='ocrx_word' id='word_1_228' title='bbox 1302 4295 1476 4363; x_wconf 88' lang='lat' dir='ltr'>observari.</span> 
     </span>
     <span class='ocr_line' id='line_1_34' title="bbox 525 4389 1477 4481; baseline 0.004 -23"><span class='ocrx_word' id='word_1_229' title='bbox 525 4396 632 4460; x_wconf 86' lang='lat' dir='ltr'>Ineos</span> <span class='ocrx_word' id='word_1_230' title='bbox 654 4402 759 4454; x_wconf 85' lang='lat' dir='ltr'>autem</span> <span class='ocrx_word' id='word_1_231' title='bbox 776 4389 831 4474; x_wconf 87' lang='lat' dir='ltr'>qui</span> <span class='ocrx_word' id='word_1_232' title='bbox 854 4390 981 4474; x_wconf 78' lang='lat' dir='ltr'>prael&#39;ati</span> <span class='ocrx_word' id='word_1_233' title='bbox 1003 4393 1118 4477; x_wconf 85' lang='lat' dir='ltr'>prioris</span> <span class='ocrx_word' id='word_1_234' title='bbox 1140 4395 1339 4481; x_wconf 90' lang='lat' dir='ltr'>dispositioni</span> <span class='ocrx_word' id='word_1_235' title='bbox 1364 4397 1477 4462; x_wconf 91' lang='lat' dir='ltr'>adver-</span> 
     </span>
    </p>
   </div>
   <div class='ocr_carea' id='block_1_4' title="bbox 0 0 1838 5475">
    <p class='ocr_par' dir='ltr' id='par_1_4' title="bbox 0 0 1838 5475">
     <span class='ocr_line' id='line_1_35' title="bbox 0 0 1838 5475; baseline 0 3"><span class='ocrx_word' id='word_1_236' title='bbox 0 0 1838 5475; x_wconf 95' lang='lat' dir='ltr'> </span> 
     </span>
    </p>
   </div>
  </div>
 </body>
</html>
