3667 5475
375 754 570 834 nou-au]
753 772 931 817 nessrossa.
1287 758 1327 817 ll

369 921 486 1009 placet,
502 923 639 1008 benigne
653 921 840 1001 admittatis,
855 935 886 987 et
896 921 1058 1009 justitiam
1073 945 1162 988 suam
1179 924 1324 1009 benigni·

369 1037 435 1089 tate
455 1023 548 1088 solita
567 1023 712 1109 expediri
732 1022 935 1108 praecipiatis.
968 1022 1024 1086 Vir
1043 1027 1126 1088 enim
1151 1036 1272 1101 tantus,
1292 1036 1324 1089 et

369 1124 478 1209 quiin
502 1146 540 1188 eo
561 1135 707 1188 versetur
727 1120 841 1201 officio,
860 1144 934 1187 cum
957 1122 1164 1188 indemnitate
1185 1122 1324 1189 ecclesiae

369 1249 437 1291 suae
451 1225 509 1291 diu
518 1226 628 1290 abesse
641 1244 704 1289 nou
720 1223 848 1310 poterit.
879 1223 1041 1309 Quicquid
1052 1235 1161 1289 autem
1175 1224 1323 1311 estquod

368 1326 522 1392 adversus
544 1350 630 1404 eum,
646 1326 711 1390 imo
728 1336 839 1389 contra
859 1339 1000 1391 sanctam
1024 1327 1201 1390 Romanam
1223 1325 1322 1392 eccle·
1409 1410 1413 1415 .

368 1427 446 1492 siam
459 1440 693 1515 praesumptum
705 1449 772 1490 esse
783 1424 939 1502 videritis,
950 1426 1032 1491 illud
1044 1430 1174 1492 auctore
1183 1428 1323 1509 Domino

366 1528 533 1594 clementia
548 1541 654 1593 vestra
667 1526 699 1590 in
716 1525 829 1591 melius
843 1525 1039 1593 reformabit.

404 1832 626 1900 EPISTOLA
650 1836 898 1917 xxxlxem
912 1854 1147 1902 suaxmnnmr
1162 1855 1282 1902 111111.

684 1988 871 2051 Alexandro
885 1988 1000 2070 Papa.

410 2137 666 2200 Excepturus
690 2133 869 2200 sanctitatis
892 2146 1006 2198 vestrae
1031 2157 1084 2200 eos
1108 2136 1212 2202 tutius
1235 2162 1318 2205 com-

368 2236 517 2301 mendare
539 2238 774 2323 praesumimus,
790 2258 872 2323 quos
892 2236 954 2301 lide
969 2250 1002 2302 et
1015 2237 1148 2303 caritate
1164 2239 1317 2317 illustres,

368 2338 435 2403 vita
457 2352 488 2402 et
511 2340 657 2403 moribus
679 2338 827 2403 novimus
849 2337 1038 2423 regulariter
1056 2362 1123 2405 esse
1144 2338 1319 2408 institutos.

369 2439 498 2506 Placeat
526 2441 637 2527 itaque
674 2444 846 2507 successori
883 2440 969 2505 beati
1003 2441 1103 2518 Petri,
1132 2441 1258 2527 injuriis
1286 2457 1318 2509 et

368 2539 589 2622 vexationibus
613 2562 790 2625 pauperum
816 2539 965 2615 fratrum,
989 2543 1021 2604 in
1048 2541 1178 2607 ecclesia
1201 2556 1317 2611 sanctae

369 2640 476 2705 Osidae
491 2641 623 2727 virginis
644 2640 678 2705 in
702 2641 813 2707 habitu
838 2640 979 2727 regulari
1001 2641 1152 2707 devotum
1177 2647 1318 2710 Domino

366 2742 557 2808 famulatum
572 2745 782 2821 exibentium,
795 2743 969 2830 apostoliea
979 2742 1113 2828 dignum
1127 2746 1317 2811 auctoritate

366 2844 517 2910 adhibere
532 2846 717 2911 remedium.
762 2845 905 2910 Ecclesia
921 2843 1049 2932 quidem
1064 2844 1120 2908 illa
1133 2846 1205 2910 luce
1218 2847 1317 2912 bono-

364 2970 436 3011 rum
455 2969 586 3034 operum
602 2962 634 3013 et
649 2947 819 3032 religionis,
835 2946 1018 3032 integritate
1035 2945 1120 3026 u‘tae,
1136 2970 1172 3012 ac
1186 2971 1316 3014 couver-

365 3050 497 3115 sationis
512 3050 689 3129 sanctitate,
706 3063 806 3116 totam
821 3049 956 3114 insulam
974 3061 1110 3113 nostram
1126 3049 1269 3129 irradiat,
1284 3065 1316 3117 et

352 3151 538 3237 aecclesiam,
566 3175 639 3238 quae
661 3152 748 3238 apud
780 3175 837 3216 nos
867 3164 927 3229 est,
957 3154 990 3215 in
1020 3152 1316 3226 tantumcaritatis

364 3254 497 3319 adornat
512 3255 675 3340 exemplis,
690 3268 727 3318 ut
747 3277 816 3318 eam
832 3254 946 3318 merito
960 3254 1119 3338 majestati
1133 3253 1315 3338 apostolicae

365 3354 498 3419 debeam
520 3355 749 3419 commendare.
806 3357 907 3420 Lator
930 3355 1053 3433 horum,
1076 3353 1157 3420 Abel
1179 3354 1316 3431 nomine,

365 3456 503 3520 ecclesiae
514 3457 601 3521 illius
613 3457 722 3537 abbas,
733 3481 753 3520 a
763 3456 936 3522 venerabili
949 3457 1047 3521 fratre
1057 3466 1164 3540 nostro
1177 3457 1316 3521 Ricardo

363 3557 467 3622 Lond.
483 3559 644 3645 episcopo,
657 3559 852 3644 sumptibus,
862 3557 1086 3622 vexationibus
1096 3559 1263 3642 fatigatus,
1274 3558 1314 3623 ad

363 3659 518 3724 auxilium
542 3660 765 3725 misericordia
787 3675 900 3726 vestrae
922 3660 1093 3744 confugere
1115 3682 1240 3723 necesse
1262 3661 1317 3723 ha-

280 3799 283 3805 ·
364 3760 447 3825 buit.
494 3763 532 3826 In
548 3785 674 3827 causam
692 3785 829 3849 namque
844 3785 863 3827 a
878 3763 1014 3848 praefato
1031 3761 1180 3846 episcopo
1195 3772 1316 3825 tractus

363 3873 411 3927 est
440 3885 537 3949 super
564 3864 757 3950 quibusdam
794 3865 934 3929 ecclesiis
963 3862 1003 3926 ad
1033 3860 1194 3925 ecclesiam
1225 3884 1313 3926 suam

362 3951 532 4030 donatioue
559 3966 690 4030 Ricardi
723 3968 813 4030 bouae
842 3964 1003 4030 memoriae
1034 3961 1138 4025 Lond.
1165 3960 1314 4048 episcopi,

363 4065 542 4132 fundatoris
564 4069 706 4154 ejusdem
729 4068 879 4144 ecclesiae,
901 4067 959 4152 qui
985 4078 1122 4151 quartus
1144 4076 1217 4129 ante
1239 4087 1312 4129 eum

363 4169 394 4232 in
425 4169 555 4234 ecclesia
584 4171 670 4236 beati
700 4169 793 4236 Pauli
824 4168 985 4245 militavit,
1015 4166 1190 4231 devolutis:
1225 4167 1312 4230 char·
1351 4165 1353 4168 ’

365 4282 427 4335 tam
451 4297 583 4360 quoquc
605 4274 738 4339 illustris
760 4271 843 4358 regis
866 4269 1000 4334 Henrici
1023 4271 1128 4356 primi,
1150 4282 1182 4333 et
1202 4269 1314 4333 confir·

263 4435 267 4443 ,
364 4371 533 4438 mationem
560 4376 664 4456 bonae,
684 4372 838 4460 jucundae
861 4369 1087 4434 recordatiouis
1112 4368 1195 4433 Rad.
1220 4371 1312 4432 Cant.
