3667 5475
430 775 493 835 vla
686 787 827 833 soavms
843 786 1124 835 sanusnemnnsm
1294 780 1339 855 [u
1353 792 1381 836 n.

431 949 551 1004 certum
572 939 690 1003 babeat
703 950 809 1003 vestra
825 937 987 1013 discretio,
1003 940 1155 1023 quoniam
1172 940 1280 1020 Philo,
1295 942 1386 1025 cujus

430 1039 576 1104 meminit
590 1040 693 1116 Hier,
709 1039 882 1103 undecimo
899 1040 1041 1123 capitulo
1055 1037 1129 1103 libri
1151 1041 1192 1105 de
1209 1041 1283 1105 viris
1302 1042 1390 1106 illus·

430 1141 545 1214 tribus,
557 1141 598 1203 ab
611 1140 680 1203 aliis
692 1139 839 1203 dissentit
854 1141 885 1201 in
902 1141 985 1203 libro
1001 1143 1056 1224 qui
1071 1143 1266 1219 inscribitur,
1281 1145 1389 1217 Quare

430 1241 692 1323 quorumdomin
703 1230 1258 1322 Scriptoriomutotueintnomiaa.
1290 1246 1390 1308 Hunc

431 1357 606 1425 sequuntur
616 1344 818 1427 Theophilus
830 1344 1070 1408 Alexandrinus
1082 1346 1116 1409 in
1130 1347 1302 1411 Chronicis
1314 1347 1390 1423 suis,

432 1457 465 1508 et
483 1445 687 1529 Epiphanius
709 1444 909 1509 Constantiae
933 1445 1034 1529 Cypri
1055 1449 1228 1531 episcopus
1253 1449 1288 1511 in
1309 1450 1391 1512 libro

432 1546 473 1610 de
500 1546 573 1609 viris
596 1547 779 1621 illustribus
802 1544 889 1628 quod
911 1558 945 1609 et
966 1547 1169 1623 Theodorus,
1190 1550 1247 1633 qui
1267 1550 1390 1613 urbano

433 1667 577 1711 sermone
589 1647 687 1710 libros
698 1666 807 1709 eorum
823 1645 864 1709 de
877 1648 993 1711 Graeco
1005 1651 1165 1713 transtulit
1180 1651 1214 1713 in
1228 1650 1391 1727 Latinum,

431 1761 605 1814 attestatur.
651 1749 741 1812 Dicit
762 1748 848 1811 enim
870 1747 957 1833 quod
980 1761 1013 1813 et
1036 1752 1206 1829 Gamaliel,
1227 1752 1273 1815 ad
1296 1750 1388 1836 cujus

432 1853 533 1935 pedes
544 1852 709 1934 apostolus
720 1872 754 1912 se
766 1845 916 1931 gloriatur
928 1849 1079 1916 didicisse
1090 1855 1204 1935 legem,
1216 1865 1249 1918 et
1258 1854 1391 1938 publica

433 1954 565 2017 assertio
601 1953 827 2029 Hebraeorum,
857 1953 913 2035 qui
943 1953 984 2016 de
1020 1955 1127 2019 littera
1161 1957 1242 2039 legis
1271 1955 1391 2020 rectius

434 2057 575 2140 sapiunt,
593 2076 667 2118 oum
683 2053 828 2117 Philonis
844 2054 995 2137 opinione
1012 2055 1223 2123 concordant.

478 2156 543 2220 Sed
566 2178 606 2219 ne
620 2154 811 2240 protendam
826 2157 968 2235 verbum,
985 2179 1083 2241 quum
1107 2158 1148 2222 ad
1170 2159 1297 2244 reliqua
1318 2180 1391 2243 pro·

434 2255 610 2340 perandum
640 2254 691 2331 sit,
719 2264 753 2316 et
779 2254 912 2317 istorum
943 2269 1138 2339 proponatur
1167 2259 1291 2342 opinio.
1338 2260 1393 2322 Ea

428 2367 541 2420 autem
564 2366 613 2419 est
634 2354 722 2439 quod
741 2357 874 2437 Moyses
896 2355 1150 2422 Pentateuchum
1173 2360 1315 2443 scripsit,
1329 2360 1391 2424 etsi

435 2456 477 2520 de
491 2456 556 2520 fine
575 2454 829 2532 Deuteronomii,
844 2451 900 2517 ubi
923 2455 963 2518 de
987 2442 1173 2543 morte-ejus
1195 2458 1311 2539 agitur,
1325 2480 1393 2523 non

436 2559 616 2635 conveniat,
632 2558 704 2621 aliis
729 2557 956 2633 asserentibus,
976 2558 1073 2621 etiam
1096 2559 1178 2623 hanc
1201 2559 1393 2642 particulam

435 2660 615 2746 prophetali
636 2658 838 2734 certitudine,
853 2658 938 2721 sicut
952 2669 985 2722 et
997 2658 1084 2722 illam
1107 2681 1204 2744 quam
1220 2650 1263 2723 de
1276 2660 1392 2723 mundi

343 2770 346 2776 '
436 2763 597 2827 creatione
622 2760 776 2844 praemisit
800 2760 833 2820 in
859 2759 975 2842 capite,
997 2772 1030 2823 et
1056 2782 1151 2844 quam
1178 2761 1212 2824 in
1237 2760 1392 2825 benedic·

435 2864 577 2928 tionibus
601 2862 853 2925 patriarcharum
879 2859 920 2922 de
945 2860 1052 2923 futuro
1069 2862 1261 2926 vaticinatus
1276 2873 1336 2940 est,
1349 2863 1391 2926 ab

437 2965 509 3047 ipso
532 2967 649 3046 Moyse
665 2963 761 3025 fuisse
777 2961 1001 3043 conscriptam,
1017 2961 1089 3025 aliis
1105 2974 1211 3026 autem
1238 2984 1258 3027 a
1280 2965 1392 3041 Josue,

440 3065 510 3128 aliis
539 3062 580 3128 ab
609 3062 714 3125 Esdra
747 3060 928 3124 dicentibus
968 3082 1038 3123 eam
1070 3062 1167 3125 suisse
1197 3063 1390 3146 appositam.

440 3171 538 3233 Josue
553 3166 668 3228 libmm
693 3164 832 3246 scripsit,
847 3164 904 3245 qui
928 3164 1151 3226 denominatur
1174 3166 1214 3228 ab
1238 3187 1289 3229 eo.
1336 3165 1395 3228 So·

437 3269 576 3352 phithim
601 3286 684 3342 vero,
710 3266 731 3327 i
754 3287 781 3326 e.
807 3265 951 3343 Judices,
977 3265 1054 3329 item
1081 3267 1199 3329 librum
1229 3268 1332 3344 Ruth,
1358 3279 1390 3332 et

438 3380 562 3454 partem
591 3366 664 3429 libri
696 3368 835 3446 Regum,
865 3369 924 3452 qui
950 3367 1197 3434 denominantur
1226 3371 1267 3432 ab
1305 3371 1389 3454 ipso,

440 3470 565 3554 scripsit
589 3468 728 3546 Samuel,
743 3469 865 3551 reliqua
886 3469 1016 3555 excepit
1040 3471 1156 3548 David,
1176 3471 1234 3535 sed
1258 3472 1391 3536 tandem

441 3571 619 3638 aJeremia
640 3572 777 3654 scriptus
799 3583 847 3633 est
869 3572 1057 3649 Malachim,
1071 3573 1106 3635 id
1130 3584 1180 3637 est
1201 3569 1266 3635 dno
1286 3584 1393 3656 poste·

424 3735 426 3738 ,
439 3678 536 3742 riores
550 3673 624 3738 libri
640 3674 774 3754 Regum.
819 3673 912 3734 Idem
925 3673 1039 3735 librum
1053 3695 1145 3736 suum
1161 3696 1236 3737 cum
1252 3673 1389 3738 Lamen-

440 3776 612 3845 tationibus
635 3774 744 3840 edidit.
789 3774 853 3837 His
874 3785 982 3836 autem
1004 3775 1153 3838 omnibus
1173 3778 1303 3857 vulgata
1323 3798 1389 3839 non

442 3879 633 3946 contradicit
652 3877 771 3959 opinio.
817 3873 980 3938 Ezechias
1004 3886 1037 3939 et
1052 3876 1109 3938 viri
1125 3878 1295 3959 sapientes,
1311 3899 1394 3963 quos

420 4009 422 4013 ·
441 3983 474 4043 in
486 3982 631 4044 scholam
643 3980 792 4042 virtutum
804 3987 837 4040 et
850 3977 1024 4039 litterarum
1037 3977 1213 4041 sociaverat
1223 3978 1287 4042 sibi
1298 3980 1393 4042 annis

442 4100 498 4156 xv,
511 4080 628 4162 quibus
645 4077 736 4140 Deus
759 4087 986 4160 prorogaverat
1000 4077 1097 4139 vitam
1114 4077 1194 4161 ejuS,
1209 4077 1327 4141 divinis
1351 4078 1392 4143 de

418 4207 421 4212 -
442 4189 558 4240 caetero
580 4196 708 4253 vacans,
721 4177 756 4238 in
779 4198 878 4238 unum
895 4178 1045 4240 volumen
1070 4189 1300 4259 compegerunt
1315 4178 1393 4241 vati·

442 4278 527 4344 cinia
540 4276 660 4351 Esaiae,
677 4297 748 4359 quae
762 4276 816 4338 ille
831 4276 863 4338 in
880 4279 1002 4360 populo
1018 4277 1213 4341 declamasse
1234 4277 1335 4361 (quod
1350 4300 1394 4342 ex

413 4407 416 4414 ¹
445 4377 550 4444 verbis
564 4377 633 4462 ejus
648 4379 790 4461 apparet)
807 4376 893 4439 visus
909 4388 957 4441 est
975 4378 1193 4462 potiusquam
1210 4370 1393 4462 scripsisse:
