3667 5475
544 775 607 835 att
803 787 939 833 scaurus
953 786 1228 834 sanssnmusasrs
1408 777 1458 852 [a.
1477 796 1508 841 n.

545 960 615 1002 rum
631 937 814 1003 salutemet
835 936 1122 1021 glorificationem?
1154 937 1197 1002 Et
1218 938 1295 1025 quia
1315 943 1509 1010 memoratis

544 1038 703 1113 fratribus,
726 1050 763 1102 ut
790 1037 948 1112 audimus,
978 1038 1080 1122 pietas
1108 1049 1212 1105 vestra
1241 1043 1450 1127 competitur,
1472 1058 1507 1112 et

544 1141 724 1206 humanitas
739 1140 877 1205 libenter
898 1140 1057 1215 subvenit,
1073 1163 1146 1207 cum
1162 1142 1210 1206 eis
1221 1130 1258 1207 et
1279 1165 1336 1232 pro
1358 1145 1407 1212 eis
1421 1148 1506 1217 cari·

543 1243 601 1307 tati
617 1255 730 1307 vestrae
745 1241 916 1306 immensas
932 1241 1097 1306 referimus
1116 1243 1244 1326 gratias,
1260 1266 1362 1330 quum
1378 1268 1502 1332 proece·

542 1345 662 1429 peritis,
674 1356 708 1409 et
718 1366 768 1407 res
779 1355 813 1407 et
823 1354 950 1428 tempus
964 1343 1166 1428 expetierint,
1177 1344 1307 1412 relaturi
1320 1349 1501 1431 gratiarum

542 1462 678 1533 quantas
692 1445 866 1532 poterimus
879 1444 1030 1520 actiones,
1043 1445 1122 1510 certi
1136 1447 1267 1532 quidem
1283 1450 1372 1534 quod
1389 1451 1500 1517 Chris-

542 1558 604 1628 tus,
618 1570 715 1634 quem
738 1547 772 1611 in
795 1546 949 1611 membris
970 1546 1034 1610 suis
1056 1546 1096 1610 ad
1119 1570 1259 1632 praesens
1274 1550 1496 1632 consolamini,

541 1672 620 1736 quas
642 1650 750 1730 debet,
764 1647 881 1712 referat
903 1648 936 1711 in
959 1648 1174 1716 misericordia
1194 1650 1294 1733 verbi,
1310 1674 1496 1721 mensuram

541 1752 730 1837 coegitatem
760 1762 794 1816 et
830 1749 1109 1835 supereffluentem
1143 1752 1315 1817 refundens
1344 1754 1379 1819 in
1409 1757 1496 1823 sinus

541 1868 668 1920 vestros.
715 1853 888 1918 Precamur
904 1864 1024 1929 autem,
1040 1865 1073 1916 et
1094 1865 1214 1939 quanta
1236 1876 1407 1939 possumus
1421 1882 1496 1945 sup-

539 1958 709 2042 plicatione
731 1954 941 2040 deposcimus,
958 1964 994 2017 ut
1020 1953 1160 2019 Priorem
1180 1977 1291 2020 eorum
1317 1957 1356 2020 L.
1372 1960 1494 2025 carissi-

539 2081 628 2122 mum
651 2059 817 2122 alumnum
832 2070 972 2122 vestrum
996 2079 1105 2121 carum
1125 2058 1269 2123 habeatis
1284 2070 1318 2123 et
1332 2082 1401 2137 vos,
1415 2074 1448 2127 et
1462 2064 1493 2127 ei

538 2173 571 2223 et
585 2159 735 2223 fratribus
749 2160 824 2236 suis,
840 2160 872 2221 in
889 2159 1006 2244 quibus
1021 2160 1196 2245 patrocinio
1211 2172 1316 2227 restro
1333 2164 1493 2246 eguerint,

536 2259 690 2324 auxilium
716 2271 749 2322 et
774 2259 941 2323 consilium
967 2258 1169 2344 impendatis,
1190 2272 1225 2325 et
1252 2263 1341 2348 quod
1362 2275 1491 2331 tantum

535 2374 658 2447 patrem
670 2359 763 2425 decet
774 2372 807 2425 et
817 2372 916 2425 tentae
928 2362 1102 2426 nobilitatis
1110 2362 1288 2439 ecclesiam,
1299 2386 1490 2450 pauperum,

534 2483 635 2547 quum
651 2459 837 2546 expedierit,
849 2482 960 2545 preces
970 2462 1206 2547 praeveniendo,
1218 2485 1330 2528 eorum
1342 2468 1490 2559 parcatis,

533 2562 774 2641 erubescentia,
789 2573 822 2628 et
836 2574 973 2627 vestram
988 2563 1127 2629 dilatetis
1148 2564 1294 2648 gloriam,
1310 2578 1344 2631 et
1365 2570 1490 2633 consci-

531 2666 651 2731 entiam
678 2666 853 2730 mulceatis.
909 2665 953 2728 Et
974 2665 1050 2752 quia
1075 2688 1129 2730 eos
1151 2667 1249 2754 aliqui
1271 2668 1312 2731 de
1335 2668 1488 2737 fratribus

530 2769 652 2848 vestris,
667 2767 753 2854 quod
768 2789 828 2830 nec
842 2766 964 2842 honori,
980 2788 1040 2830 nec
1063 2767 1192 2832 utilitati
1206 2779 1321 2832 vestrae
1342 2773 1486 2857 expedit,

530 2871 699 2936 molestare
728 2870 887 2948 dicuntur,
916 2868 1132 2953 supplicamus
1170 2870 1332 2948 attentius,
1363 2886 1402 2936 ut
1439 2876 1486 2940 eis

529 2993 642 3058 pacem
659 2971 845 3046 reformetis,
861 2981 894 3033 et
908 2969 1020 3033 fratres
1035 2981 1154 3035 vestros
1169 2971 1209 3035 ab
1232 2994 1343 3036 eorum
1358 2973 1486 3061 inquie-

529 3075 649 3138 tatione
664 3073 870 3158 suspendatis.
917 3069 1080 3156 Quicquid
1096 3083 1203 3135 autem
1224 3073 1269 3136 eis
1292 3072 1442 3153 feceritis,
1458 3079 1484 3141 si

529 3176 620 3241 nobis
641 3175 761 3238 factum
785 3172 969 3249 dixerimus,
994 3172 1149 3237 veraciter
1171 3173 1325 3259 quicquid
1346 3176 1483 3244 dicetur.

531 3277 596 3337 Sed
611 3296 723 3358 parum
739 3273 799 3335 erit
814 3274 855 3336 ed
875 3273 1109 3359 expressionem
1134 3276 1240 3339 meriti
1255 3277 1363 3355 vestri,
1380 3300 1481 3364 quum

529 3373 657 3438 Christo
687 3374 894 3458 personaliter
930 3377 1125 3457 intendetur,
1153 3377 1307 3463 quicquid
1341 3379 1409 3444 istis
1447 3383 1481 3446 in

526 3475 679 3539 alterutra
693 3486 776 3539 sorte
790 3474 866 3539 boni
882 3477 933 3540 vel
949 3476 1025 3540 mali
1039 3477 1216 3542 exhibitum
1232 3479 1337 3544 fuerit.

524 3736 743 3799 EPISTOLA
768 3736 1046 3800 CLXXHL—nn
1058 3755 1266 3800 wittunuuu
1281 3756 1476 3805 uonwrcsu-

720 3854 786 3898 suu
803 3853 999 3897 pruscorum.
1048 3836 1091 3914 [a.
1110 3855 1141 3898 n.
1162 3839 1271 3918 ilua]

816 3969 958 4029 Domino
974 3970 1181 4033 Norwt‘censt'.

566 4078 656 4158 Sc10,
679 4093 778 4164 pater,
801 4080 887 4165 quod
914 4081 1024 4145 fideles
1047 4096 1166 4147 vestros
1191 4083 1315 4148 sincera
1341 4107 1475 4150 consue-

519 4181 606 4244 vistis
636 4179 766 4243 carit'ate
796 4182 939 4265 diligere,
967 4195 1000 4245 et
1028 4185 1231 4249 devotionern
1258 4198 1292 4249 et
1321 4187 1475 4273 obsequia

519 4303 629 4346 eorum
660 4291 825 4364 acceptare
855 4294 888 4343 et
927 4305 1130 4349 remunerare
1169 4309 1226 4372 pro
1261 4287 1412 4350 facultate
1441 4300 1476 4352 et

518 4382 641 4449 merito.
689 4380 785 4444 Unde
809 4403 878 4464 ego,
902 4383 977 4465 quia
1003 4407 1055 4449 me
1079 4387 1167 4451 vobis
1191 4409 1318 4471 semper
1341 4388 1473 4453 fidelem
