<?xml version="1.0" encoding="UTF-8"?>
<!DOCTYPE html PUBLIC "-//W3C//DTD XHTML 1.0 Transitional//EN"
    "http://www.w3.org/TR/xhtml1/DTD/xhtml1-transitional.dtd">
<html xmlns="http://www.w3.org/1999/xhtml" xml:lang="en" lang="en">
 <head>
  <title>
</title>
<meta http-equiv="Content-Type" content="text/html;charset=utf-8" />
  <meta name='ocr-system' content='tesseract 3.04.00' />
  <meta name='ocr-capabilities' content='ocr_page ocr_carea ocr_par ocr_line ocrx_word'/>
</head>
<body>
  <div class='ocr_page' id='page_1' title='image "./operaomnianuncp03johngoog_0322.png"; bbox 0 0 3667 5475; ppageno 0'>
   <div class='ocr_carea' id='block_1_1' title="bbox 519 764 1497 837">
    <p class='ocr_par' dir='ltr' id='par_1_1' title="bbox 519 764 1497 837">
     <span class='ocr_line' id='line_1_1' title="bbox 519 764 1497 837; baseline -0.015 -10"><span class='ocrx_word' id='word_1_1' title='bbox 519 765 582 827; x_wconf 72' lang='lat'><strong>802</strong></span> <span class='ocrx_word' id='word_1_2' title='bbox 764 776 900 822; x_wconf 77' lang='lat' dir='ltr'><strong>sossius</strong></span> <span class='ocrx_word' id='word_1_3' title='bbox 919 771 1198 821; x_wconf 76' lang='lat' dir='ltr'><strong>sansssaarsusrs</strong></span> <span class='ocrx_word' id='word_1_4' title='bbox 1383 764 1430 837; x_wconf 78' lang='lat' dir='ltr'><strong>[a.</strong></span> <span class='ocrx_word' id='word_1_5' title='bbox 1448 774 1497 820; x_wconf 78' lang='lat' dir='ltr'><strong>u.</strong></span> 
     </span>
    </p>
   </div>
   <div class='ocr_carea' id='block_1_2' title="bbox 516 925 1495 1216">
    <p class='ocr_par' dir='ltr' id='par_1_2' title="bbox 516 925 1495 1216">
     <span class='ocr_line' id='line_1_2' title="bbox 517 925 1490 1006; baseline -0.005 -11"><span class='ocrx_word' id='word_1_6' title='bbox 517 931 641 995; x_wconf 85' lang='lat' dir='ltr'><strong>itineris</strong></span> <span class='ocrx_word' id='word_1_7' title='bbox 669 929 776 1006; x_wconf 86' lang='lat' dir='ltr'><strong>vestri,</strong></span> <span class='ocrx_word' id='word_1_8' title='bbox 802 942 834 992; x_wconf 88' lang='lat' dir='ltr'><strong>et</strong></span> <span class='ocrx_word' id='word_1_9' title='bbox 863 927 993 1005; x_wconf 87' lang='lat' dir='ltr'><strong>laboris,</strong></span> <span class='ocrx_word' id='word_1_10' title='bbox 1019 938 1052 990; x_wconf 89' lang='lat' dir='ltr'><strong>et</strong></span> <span class='ocrx_word' id='word_1_11' title='bbox 1076 927 1168 989; x_wconf 88' lang='lat' dir='ltr'><strong>sortis</strong></span> <span class='ocrx_word' id='word_1_12' title='bbox 1190 925 1259 990; x_wconf 83' lang='lat' dir='ltr'><strong>fora</strong></span> <span class='ocrx_word' id='word_1_13' title='bbox 1277 939 1490 993; x_wconf 80' lang='lat' dir='ltr'><strong>consortem.</strong></span> 
     </span>
     <span class='ocr_line' id='line_1_3' title="bbox 518 1029 1495 1113; baseline -0.003 -16"><span class='ocrx_word' id='word_1_14' title='bbox 518 1034 604 1097; x_wconf 91' lang='lat' dir='ltr'><strong>Nam</strong></span> <span class='ocrx_word' id='word_1_15' title='bbox 618 1032 652 1095; x_wconf 89' lang='lat' dir='ltr'><strong>in</strong></span> <span class='ocrx_word' id='word_1_16' title='bbox 668 1052 780 1095; x_wconf 90' lang='lat' dir='ltr'><strong>omnes</strong></span> <span class='ocrx_word' id='word_1_17' title='bbox 794 1029 979 1113; x_wconf 89' lang='lat' dir='ltr'><strong>hujusmodi</strong></span> <span class='ocrx_word' id='word_1_18' title='bbox 995 1049 1090 1093; x_wconf 89' lang='lat' dir='ltr'><strong>casus</strong></span> <span class='ocrx_word' id='word_1_19' title='bbox 1104 1038 1234 1110; x_wconf 89' lang='lat' dir='ltr'><strong>paratus</strong></span> <span class='ocrx_word' id='word_1_20' title='bbox 1249 1049 1333 1107; x_wconf 92' lang='lat' dir='ltr'><strong>sum,</strong></span> <span class='ocrx_word' id='word_1_21' title='bbox 1343 1038 1495 1094; x_wconf 79' lang='lat' dir='ltr'><strong>auctore</strong></span> 
     </span>
     <span class='ocr_line' id='line_1_4' title="bbox 516 1130 1492 1216; baseline -0.003 -19"><span class='ocrx_word' id='word_1_22' title='bbox 516 1134 669 1210; x_wconf 91' lang='lat' dir='ltr'><strong>Domino,</strong></span> <span class='ocrx_word' id='word_1_23' title='bbox 685 1153 742 1216; x_wconf 90' lang='lat' dir='ltr'><strong>pro</strong></span> <span class='ocrx_word' id='word_1_24' title='bbox 766 1131 919 1195; x_wconf 86' lang='lat' dir='ltr'><strong>fidelitate</strong></span> <span class='ocrx_word' id='word_1_25' title='bbox 942 1131 1088 1195; x_wconf 77' lang='lat' dir='ltr'><strong>eeclesias</strong></span> <span class='ocrx_word' id='word_1_26' title='bbox 1111 1140 1143 1193; x_wconf 88' lang='lat' dir='ltr'><strong>et</strong></span> <span class='ocrx_word' id='word_1_27' title='bbox 1161 1140 1282 1194; x_wconf 83' lang='lat' dir='ltr'><strong>vestra:</strong></span> <span class='ocrx_word' id='word_1_28' title='bbox 1314 1130 1342 1193; x_wconf 91' lang='lat' dir='ltr'><strong>si</strong></span> <span class='ocrx_word' id='word_1_29' title='bbox 1366 1140 1492 1197; x_wconf 76' lang='lat' dir='ltr'><strong>tamem</strong></span> 
     </span>
    </p>
   </div>
   <div class='ocr_carea' id='block_1_3' title="bbox 513 1230 1509 1515">
    <p class='ocr_par' dir='ltr' id='par_1_3' title="bbox 513 1230 1509 1515">
     <span class='ocr_line' id='line_1_5' title="bbox 514 1230 1509 1317; baseline -0.004 -19"><span class='ocrx_word' id='word_1_30' title='bbox 514 1234 671 1317; x_wconf 79' lang='lat' dir='ltr'>placuerit</span> <span class='ocrx_word' id='word_1_31' title='bbox 690 1245 726 1296; x_wconf 89' lang='lat' dir='ltr'><strong>ut</strong></span> <span class='ocrx_word' id='word_1_32' title='bbox 740 1234 831 1298; x_wconf 86' lang='lat' dir='ltr'><strong>vobis</strong></span> <span class='ocrx_word' id='word_1_33' title='bbox 846 1253 1022 1307; x_wconf 86' lang='lat' dir='ltr'><strong>occurram,</strong></span> <span class='ocrx_word' id='word_1_34' title='bbox 1037 1254 1088 1295; x_wconf 91' lang='lat' dir='ltr'><strong>ma</strong></span> <span class='ocrx_word' id='word_1_35' title='bbox 1105 1230 1184 1294; x_wconf 87' lang='lat' dir='ltr'><strong>tanti</strong></span> <span class='ocrx_word' id='word_1_36' title='bbox 1199 1230 1353 1314; x_wconf 82' lang='lat' dir='ltr'><strong>temporis</strong></span> <span class='ocrx_word' id='word_1_37' title='bbox 1369 1232 1491 1315; x_wconf 80' lang='lat' dir='ltr'><strong>spatio</strong></span> <span class='ocrx_word' id='word_1_38' title='bbox 1505 1296 1509 1299; x_wconf 74' lang='grc'><em>,</em></span> 
     </span>
     <span class='ocr_line' id='line_1_6' title="bbox 513 1331 1487 1419; baseline -0.004 -19"><span class='ocrx_word' id='word_1_39' title='bbox 513 1336 714 1419; x_wconf 76' lang='lat' dir='ltr'><strong>praemunite,</strong></span> <span class='ocrx_word' id='word_1_40' title='bbox 726 1346 764 1399; x_wconf 90' lang='lat' dir='ltr'><strong>ut</strong></span> <span class='ocrx_word' id='word_1_41' title='bbox 774 1335 815 1398; x_wconf 90' lang='lat' dir='ltr'><strong>ad</strong></span> <span class='ocrx_word' id='word_1_42' title='bbox 825 1336 932 1398; x_wconf 91' lang='lat' dir='ltr'><strong>locum</strong></span> <span class='ocrx_word' id='word_1_43' title='bbox 943 1347 976 1397; x_wconf 87' lang='lat' dir='ltr'><strong>et</strong></span> <span class='ocrx_word' id='word_1_44' title='bbox 987 1334 1083 1411; x_wconf 86' lang='lat' dir='ltr'><strong>diem,</strong></span> <span class='ocrx_word' id='word_1_45' title='bbox 1096 1354 1193 1416; x_wconf 87' lang='lat' dir='ltr'><strong>quem</strong></span> <span class='ocrx_word' id='word_1_46' title='bbox 1202 1331 1487 1416; x_wconf 75' lang='lat' dir='ltr'><strong>praescripseritis,</strong></span> 
     </span>
     <span class='ocr_line' id='line_1_7' title="bbox 514 1433 1146 1515; baseline -0.009 -16"><span class='ocrx_word' id='word_1_47' title='bbox 514 1434 685 1499; x_wconf 90' lang='lat' dir='ltr'><strong>commoda</strong></span> <span class='ocrx_word' id='word_1_48' title='bbox 701 1435 823 1497; x_wconf 85' lang='lat' dir='ltr'><strong>valeam</strong></span> <span class='ocrx_word' id='word_1_49' title='bbox 839 1434 1015 1515; x_wconf 86' lang='lat' dir='ltr'><strong>pervenire.</strong></span> <span class='ocrx_word' id='word_1_50' title='bbox 1061 1433 1146 1496; x_wconf 88' lang='lat' dir='ltr'><strong>Nam</strong></span> 
     </span>
    </p>
   </div>
   <div class='ocr_carea' id='block_1_4' title="bbox 689 1560 1169 1626">
    <p class='ocr_par' dir='ltr' id='par_1_4' title="bbox 689 1560 1169 1626">
     <span class='ocr_line' id='line_1_8' title="bbox 689 1560 1169 1626; baseline -0.013 -9"><span class='ocrx_word' id='word_1_51' title='bbox 689 1560 1169 1626; x_wconf 62' lang='lat' dir='ltr'><strong>——mmamoranonaritnlla</strong></span> 
     </span>
    </p>
   </div>
   <div class='ocr_carea' id='block_1_5' title="bbox 514 1682 1478 1866">
    <p class='ocr_par' dir='ltr' id='par_1_5' title="bbox 514 1682 1478 1866">
     <span class='ocr_line' id='line_1_9' title="bbox 514 1682 1478 1768; baseline -0.002 -19"><span class='ocrx_word' id='word_1_52' title='bbox 514 1687 591 1750; x_wconf 88' lang='lat' dir='ltr'><strong>licat</strong></span> <span class='ocrx_word' id='word_1_53' title='bbox 616 1687 732 1749; x_wconf 88' lang='lat' dir='ltr'><strong>multas</strong></span> <span class='ocrx_word' id='word_1_54' title='bbox 756 1684 843 1747; x_wconf 90' lang='lat' dir='ltr'><strong>domi</strong></span> <span class='ocrx_word' id='word_1_55' title='bbox 866 1706 925 1768; x_wconf 91' lang='lat' dir='ltr'><strong>pro</strong></span> <span class='ocrx_word' id='word_1_56' title='bbox 946 1695 1087 1765; x_wconf 87' lang='lat' dir='ltr'><strong>tempora</strong></span> <span class='ocrx_word' id='word_1_57' title='bbox 1113 1682 1307 1746; x_wconf 88' lang='lat' dir='ltr'><strong>necessarias</strong></span> <span class='ocrx_word' id='word_1_58' title='bbox 1335 1682 1478 1747; x_wconf 88' lang='lat' dir='ltr'><strong>babeam</strong></span> 
     </span>
     <span class='ocr_line' id='line_1_10' title="bbox 515 1776 1478 1866; baseline -0.003 -19"><span class='ocrx_word' id='word_1_59' title='bbox 515 1783 755 1866; x_wconf 82' lang='lat' dir='ltr'><strong>occupationes,</strong></span> <span class='ocrx_word' id='word_1_60' title='bbox 771 1794 838 1844; x_wconf 88' lang='lat' dir='ltr'><strong>tum</strong></span> <span class='ocrx_word' id='word_1_61' title='bbox 861 1803 903 1845; x_wconf 86' lang='lat' dir='ltr'><strong>ex</strong></span> <span class='ocrx_word' id='word_1_62' title='bbox 926 1780 1078 1843; x_wconf 88' lang='lat' dir='ltr'><strong>instantia</strong></span> <span class='ocrx_word' id='word_1_63' title='bbox 1100 1776 1225 1841; x_wconf 88' lang='lat' dir='ltr'><strong>abbatis</strong></span> <span class='ocrx_word' id='word_1_64' title='bbox 1247 1779 1321 1857; x_wconf 90' lang='lat' dir='ltr'><strong>mei,</strong></span> <span class='ocrx_word' id='word_1_65' title='bbox 1338 1791 1409 1842; x_wconf 92' lang='lat' dir='ltr'><strong>tum</strong></span> <span class='ocrx_word' id='word_1_66' title='bbox 1433 1803 1478 1844; x_wconf 82' lang='lat' dir='ltr'><strong>ex</strong></span> 
     </span>
    </p>
   </div>
   <div class='ocr_carea' id='block_1_6' title="bbox 515 1881 1476 2070">
    <p class='ocr_par' dir='ltr' id='par_1_6' title="bbox 515 1881 1476 2070">
     <span class='ocr_line' id='line_1_11' title="bbox 515 1881 1476 1969; baseline -0.002 -20"><span class='ocrx_word' id='word_1_67' title='bbox 515 1886 687 1969; x_wconf 79' lang='lat' dir='ltr'><strong>praesentia</strong></span> <span class='ocrx_word' id='word_1_68' title='bbox 701 1885 770 1948; x_wconf 87' lang='lat' dir='ltr'>Gir.</span> <span class='ocrx_word' id='word_1_69' title='bbox 791 1883 1018 1960; x_wconf 84' lang='lat' dir='ltr'><strong>archidiaconi,</strong></span> <span class='ocrx_word' id='word_1_70' title='bbox 1038 1903 1172 1966; x_wconf 85' lang='lat' dir='ltr'><strong>quomm</strong></span> <span class='ocrx_word' id='word_1_71' title='bbox 1196 1881 1373 1961; x_wconf 84' lang='lat' dir='ltr'><strong>desideriis,</strong></span> <span class='ocrx_word' id='word_1_72' title='bbox 1390 1884 1476 1948; x_wconf 87' lang='lat' dir='ltr'><strong>sicut</strong></span> 
     </span>
     <span class='ocr_line' id='line_1_12' title="bbox 516 1985 984 2070; baseline -0.004 -21"><span class='ocrx_word' id='word_1_73' title='bbox 516 1988 619 2066; x_wconf 81' lang='lat' dir='ltr'><strong>vobis,</strong></span> <span class='ocrx_word' id='word_1_74' title='bbox 634 1985 745 2050; x_wconf 77' lang='lat' dir='ltr'><strong>deesse</strong></span> <span class='ocrx_word' id='word_1_75' title='bbox 761 2008 825 2049; x_wconf 89' lang='lat' dir='ltr'><strong>non</strong></span> <span class='ocrx_word' id='word_1_76' title='bbox 841 2006 984 2070; x_wconf 84' lang='lat' dir='ltr'><strong>possum.</strong></span> 
     </span>
    </p>
   </div>
   <div class='ocr_carea' id='block_1_7' title="bbox 514 2270 1470 2354">
    <p class='ocr_par' dir='ltr' id='par_1_7' title="bbox 514 2270 1470 2354">
     <span class='ocr_line' id='line_1_13' title="bbox 514 2270 1470 2354; baseline 0.002 -20"><span class='ocrx_word' id='word_1_77' title='bbox 514 2272 738 2336; x_wconf 85' lang='lat' dir='ltr'><strong>EPISTOLA</strong></span> <span class='ocrx_word' id='word_1_78' title='bbox 755 2272 1069 2336; x_wconf 79' lang='lat' dir='ltr'><strong>CLXXXlll.-so</strong></span> <span class='ocrx_word' id='word_1_79' title='bbox 1081 2289 1232 2335; x_wconf 74' lang='lat' dir='ltr'><strong>suanum.</strong></span> <span class='ocrx_word' id='word_1_80' title='bbox 1252 2270 1340 2350; x_wconf 67' lang='lat' dir='ltr'><strong>[sn.</strong></span> <span class='ocrx_word' id='word_1_81' title='bbox 1361 2274 1470 2354; x_wconf 78' lang='lat' dir='ltr'><strong>noa]</strong></span> 
     </span>
    </p>
   </div>
   <div class='ocr_carea' id='block_1_8' title="bbox 655 2418 1336 2485">
    <p class='ocr_par' dir='ltr' id='par_1_8' title="bbox 655 2418 1336 2485">
     <span class='ocr_line' id='line_1_14' title="bbox 655 2418 1336 2485; baseline -0.003 -2"><span class='ocrx_word' id='word_1_82' title='bbox 655 2421 781 2483; x_wconf 66' lang='lat' dir='ltr'><strong>Home</strong></span> <span class='ocrx_word' id='word_1_83' title='bbox 798 2421 1035 2485; x_wconf 78' lang='lat' dir='ltr'><strong>Cantauriensa&#39;</strong></span> <span class='ocrx_word' id='word_1_84' title='bbox 1048 2421 1193 2484; x_wconf 80' lang='lat' dir='ltr'><strong>Joannes</strong></span> <span class='ocrx_word' id='word_1_85' title='bbox 1209 2418 1336 2482; x_wconf 80' lang='lat' dir='ltr'><strong>Sareab.</strong></span> 
     </span>
    </p>
   </div>
   <div class='ocr_carea' id='block_1_9' title="bbox 510 2543 1472 4460">
    <p class='ocr_par' dir='ltr' id='par_1_9' title="bbox 510 2543 1472 4460">
     <span class='ocr_line' id='line_1_15' title="bbox 558 2543 1470 2629; baseline 0.005 -22"><span class='ocrx_word' id='word_1_86' title='bbox 558 2544 743 2621; x_wconf 75' lang='lat' dir='ltr'><strong>L1rruaas,</strong></span> <span class='ocrx_word' id='word_1_87' title='bbox 758 2566 840 2629; x_wconf 86' lang='lat' dir='ltr'><strong>quas</strong></span> <span class='ocrx_word' id='word_1_88' title='bbox 852 2545 894 2609; x_wconf 88' lang='lat' dir='ltr'><strong>ad</strong></span> <span class='ocrx_word' id='word_1_89' title='bbox 915 2543 1168 2610; x_wconf 84' lang='lat' dir='ltr'><strong>consolationem</strong></span> <span class='ocrx_word' id='word_1_90' title='bbox 1184 2556 1332 2623; x_wconf 84' lang='lat' dir='ltr'><strong>vestram,</strong></span> <span class='ocrx_word' id='word_1_91' title='bbox 1347 2558 1381 2611; x_wconf 90' lang='lat' dir='ltr'><strong>et</strong></span> <span class='ocrx_word' id='word_1_92' title='bbox 1395 2550 1470 2613; x_wconf 92' lang='lat' dir='ltr'><strong>sub·</strong></span> 
     </span>
     <span class='ocr_line' id='line_1_16' title="bbox 512 2647 1471 2729; baseline 0.005 -18"><span class='ocrx_word' id='word_1_93' title='bbox 512 2648 704 2722; x_wconf 82' lang='lat' dir='ltr'><strong>levationem</strong></span> <span class='ocrx_word' id='word_1_94' title='bbox 724 2647 878 2726; x_wconf 80' lang='lat' dir='ltr'><strong>ecclesiae,</strong></span> <span class='ocrx_word' id='word_1_95' title='bbox 893 2658 969 2729; x_wconf 88' lang='lat' dir='ltr'><strong>post</strong></span> <span class='ocrx_word' id='word_1_96' title='bbox 988 2648 1119 2727; x_wconf 82' lang='lat' dir='ltr'><strong>longum</strong></span> <span class='ocrx_word' id='word_1_97' title='bbox 1139 2648 1270 2711; x_wconf 88' lang='lat' dir='ltr'><strong>tandem</strong></span> <span class='ocrx_word' id='word_1_98' title='bbox 1286 2649 1423 2714; x_wconf 86' lang='lat' dir='ltr'><strong>exilium</strong></span> <span class='ocrx_word' id='word_1_99' title='bbox 1439 2662 1471 2716; x_wconf 87' lang='lat' dir='ltr'><strong>et</strong></span> 
     </span>
     <span class='ocr_line' id='line_1_17' title="bbox 512 2749 1471 2833; baseline 0.003 -20"><span class='ocrx_word' id='word_1_100' title='bbox 512 2750 779 2833; x_wconf 85' lang='lat' dir='ltr'><strong>proscriptionem</strong></span> <span class='ocrx_word' id='word_1_101' title='bbox 805 2749 911 2827; x_wconf 82' lang='lat' dir='ltr'><strong>vestri,</strong></span> <span class='ocrx_word' id='word_1_102' title='bbox 937 2758 970 2813; x_wconf 88' lang='lat' dir='ltr'><strong>et</strong></span> <span class='ocrx_word' id='word_1_103' title='bbox 995 2760 1170 2813; x_wconf 85' lang='lat' dir='ltr'><strong>vestrorum</strong></span> <span class='ocrx_word' id='word_1_104' title='bbox 1199 2750 1356 2828; x_wconf 89' lang='lat' dir='ltr'><strong>omnium,</strong></span> <span class='ocrx_word' id='word_1_105' title='bbox 1381 2753 1471 2817; x_wconf 88' lang='lat' dir='ltr'><strong>vobis</strong></span> 
     </span>
     <span class='ocr_line' id='line_1_18' title="bbox 513 2847 1472 2933; baseline 0.003 -19"><span class='ocrx_word' id='word_1_106' title='bbox 513 2850 597 2933; x_wconf 86' lang='lat' dir='ltr'><strong>patri</strong></span> <span class='ocrx_word' id='word_1_107' title='bbox 626 2872 696 2928; x_wconf 92' lang='lat' dir='ltr'><strong>suo,</strong></span> <span class='ocrx_word' id='word_1_108' title='bbox 725 2850 786 2913; x_wconf 90' lang='lat' dir='ltr'><strong>filii</strong></span> <span class='ocrx_word' id='word_1_109' title='bbox 824 2849 1066 2913; x_wconf 88' lang='lat' dir='ltr'><strong>Cantuariensis</strong></span> <span class='ocrx_word' id='word_1_110' title='bbox 1103 2847 1260 2927; x_wconf 86' lang='lat' dir='ltr'><strong>ecclesiae,</strong></span> <span class='ocrx_word' id='word_1_111' title='bbox 1289 2851 1412 2931; x_wconf 88' lang='lat' dir='ltr'><strong>fratres,</strong></span> <span class='ocrx_word' id='word_1_112' title='bbox 1441 2864 1472 2917; x_wconf 90' lang='lat' dir='ltr'><strong>et</strong></span> 
     </span>
     <span class='ocr_line' id='line_1_19' title="bbox 512 2949 1469 3036; baseline 0.005 -22"><span class='ocrx_word' id='word_1_113' title='bbox 512 2952 698 3035; x_wconf 88' lang='lat' dir='ltr'><strong>coepiscopi</strong></span> <span class='ocrx_word' id='word_1_114' title='bbox 732 2949 824 3014; x_wconf 85' lang='lat' dir='ltr'><strong>vestri</strong></span> <span class='ocrx_word' id='word_1_115' title='bbox 862 2973 967 3034; x_wconf 90' lang='lat' dir='ltr'><strong>nuper</strong></span> <span class='ocrx_word' id='word_1_116' title='bbox 1003 2952 1255 3029; x_wconf 90' lang='lat' dir='ltr'><strong>transmiserunt,</strong></span> <span class='ocrx_word' id='word_1_117' title='bbox 1283 2952 1469 3036; x_wconf 85' lang='lat' dir='ltr'><strong>diligentius</strong></span> 
     </span>
     <span class='ocr_line' id='line_1_20' title="bbox 512 3054 1468 3138; baseline 0.007 -24"><span class='ocrx_word' id='word_1_118' title='bbox 512 3055 667 3135; x_wconf 89' lang='lat' dir='ltr'><strong>relegens,</strong></span> <span class='ocrx_word' id='word_1_119' title='bbox 696 3054 776 3116; x_wconf 93' lang='lat' dir='ltr'><strong>nihil</strong></span> <span class='ocrx_word' id='word_1_120' title='bbox 813 3054 1011 3138; x_wconf 87' lang='lat' dir='ltr'><strong>probabilius</strong></span> <span class='ocrx_word' id='word_1_121' title='bbox 1041 3075 1082 3116; x_wconf 87' lang='lat' dir='ltr'><strong>ex</strong></span> <span class='ocrx_word' id='word_1_122' title='bbox 1121 3061 1229 3117; x_wconf 87' lang='lat' dir='ltr'><strong>earum</strong></span> <span class='ocrx_word' id='word_1_123' title='bbox 1266 3055 1468 3138; x_wconf 85' lang='lat' dir='ltr'><strong>inspectione</strong></span> 
     </span>
     <span class='ocr_line' id='line_1_21' title="bbox 513 3153 1467 3240; baseline 0.007 -24"><span class='ocrx_word' id='word_1_124' title='bbox 513 3156 604 3236; x_wconf 89' lang='lat' dir='ltr'><strong>potui</strong></span> <span class='ocrx_word' id='word_1_125' title='bbox 627 3156 763 3239; x_wconf 89' lang='lat' dir='ltr'><strong>opinari,</strong></span> <span class='ocrx_word' id='word_1_126' title='bbox 783 3177 878 3239; x_wconf 90' lang='lat' dir='ltr'><strong>quam</strong></span> <span class='ocrx_word' id='word_1_127' title='bbox 903 3176 957 3219; x_wconf 91' lang='lat' dir='ltr'><strong>eas</strong></span> <span class='ocrx_word' id='word_1_128' title='bbox 984 3155 1120 3218; x_wconf 90' lang='lat' dir='ltr'><strong>consilio</strong></span> <span class='ocrx_word' id='word_1_129' title='bbox 1145 3153 1349 3238; x_wconf 85' lang='lat' dir='ltr'><strong>Achitophel,</strong></span> <span class='ocrx_word' id='word_1_130' title='bbox 1373 3180 1467 3240; x_wconf 86' lang='lat' dir='ltr'><strong>quem</strong></span> 
     </span>
     <span class='ocr_line' id='line_1_22' title="bbox 514 3256 1469 3338; baseline 0.003 -19"><span class='ocrx_word' id='word_1_131' title='bbox 514 3256 666 3320; x_wconf 85' lang='lat' dir='ltr'><strong>credibile</strong></span> <span class='ocrx_word' id='word_1_132' title='bbox 682 3257 776 3318; x_wconf 87' lang='lat' dir='ltr'><strong>estin</strong></span> <span class='ocrx_word' id='word_1_133' title='bbox 793 3257 969 3338; x_wconf 89' lang='lat' dir='ltr'><strong>perniciem</strong></span> <span class='ocrx_word' id='word_1_134' title='bbox 985 3256 1128 3319; x_wconf 88' lang='lat' dir='ltr'><strong>fidelium</strong></span> <span class='ocrx_word' id='word_1_135' title='bbox 1144 3257 1185 3318; x_wconf 90' lang='lat' dir='ltr'><strong>ab</strong></span> <span class='ocrx_word' id='word_1_136' title='bbox 1200 3257 1310 3321; x_wconf 83' lang='lat' dir='ltr'><strong>inferis</strong></span> <span class='ocrx_word' id='word_1_137' title='bbox 1324 3259 1469 3336; x_wconf 87' lang='lat' dir='ltr'><strong>rediisse,</strong></span> 
     </span>
     <span class='ocr_line' id='line_1_23' title="bbox 513 3354 1466 3440; baseline 0.007 -23"><span class='ocrx_word' id='word_1_138' title='bbox 513 3377 571 3439; x_wconf 87' lang='lat' dir='ltr'><strong>per</strong></span> <span class='ocrx_word' id='word_1_139' title='bbox 585 3375 715 3416; x_wconf 90' lang='lat' dir='ltr'><strong>manum</strong></span> <span class='ocrx_word' id='word_1_140' title='bbox 730 3354 838 3416; x_wconf 86' lang='lat' dir='ltr'><strong>Doeth</strong></span> <span class='ocrx_word' id='word_1_141' title='bbox 848 3354 996 3434; x_wconf 89' lang='lat' dir='ltr'><strong>Idumaei,</strong></span> <span class='ocrx_word' id='word_1_142' title='bbox 1006 3358 1142 3420; x_wconf 88' lang='lat' dir='ltr'><strong>sitientis</strong></span> <span class='ocrx_word' id='word_1_143' title='bbox 1157 3358 1263 3422; x_wconf 91' lang='lat' dir='ltr'><strong>adhuc</strong></span> <span class='ocrx_word' id='word_1_144' title='bbox 1278 3361 1466 3440; x_wconf 85' lang='lat' dir='ltr'><strong>sanguinem</strong></span> 
     </span>
     <span class='ocr_line' id='line_1_24' title="bbox 514 3456 1468 3546; baseline 0.005 -24"><span class='ocrx_word' id='word_1_145' title='bbox 514 3456 726 3530; x_wconf 86' lang='lat' dir='ltr'><strong>sacerdotum,</strong></span> <span class='ocrx_word' id='word_1_146' title='bbox 738 3469 770 3521; x_wconf 89' lang='lat' dir='ltr'><strong>et</strong></span> <span class='ocrx_word' id='word_1_147' title='bbox 779 3459 961 3542; x_wconf 88' lang='lat' dir='ltr'><strong>quaereutis,</strong></span> <span class='ocrx_word' id='word_1_148' title='bbox 975 3472 1007 3522; x_wconf 86' lang='lat' dir='ltr'><strong>et</strong></span> <span class='ocrx_word' id='word_1_149' title='bbox 1017 3461 1239 3525; x_wconf 85' lang='lat' dir='ltr'><strong>insatiabiliter</strong></span> <span class='ocrx_word' id='word_1_150' title='bbox 1247 3464 1468 3546; x_wconf 90' lang='lat' dir='ltr'><strong>persequentis</strong></span> 
     </span>
     <span class='ocr_line' id='line_1_25' title="bbox 512 3559 1466 3645; baseline 0.006 -21"><span class='ocrx_word' id='word_1_151' title='bbox 512 3560 649 3624; x_wconf 91' lang='lat' dir='ltr'><strong>animam</strong></span> <span class='ocrx_word' id='word_1_152' title='bbox 677 3559 809 3638; x_wconf 88' lang='lat' dir='ltr'><strong>Christi,</strong></span> <span class='ocrx_word' id='word_1_153' title='bbox 837 3561 889 3645; x_wconf 92' lang='lat' dir='ltr'><strong>qui</strong></span> <span class='ocrx_word' id='word_1_154' title='bbox 916 3562 950 3622; x_wconf 92' lang='lat' dir='ltr'><strong>in</strong></span> <span class='ocrx_word' id='word_1_155' title='bbox 981 3564 1158 3625; x_wconf 87' lang='lat' dir='ltr'><strong>electorum</strong></span> <span class='ocrx_word' id='word_1_156' title='bbox 1188 3563 1252 3627; x_wconf 90' lang='lat' dir='ltr'><strong>fide</strong></span> <span class='ocrx_word' id='word_1_157' title='bbox 1278 3574 1310 3627; x_wconf 88' lang='lat' dir='ltr'><strong>et</strong></span> <span class='ocrx_word' id='word_1_158' title='bbox 1337 3566 1466 3630; x_wconf 85' lang='lat' dir='ltr'><strong>caritate</strong></span> 
     </span>
     <span class='ocr_line' id='line_1_26' title="bbox 511 3660 1466 3748; baseline 0.006 -23"><span class='ocrx_word' id='word_1_159' title='bbox 511 3664 597 3737; x_wconf 86' lang='lat' dir='ltr'><strong>vivit,</strong></span> <span class='ocrx_word' id='word_1_160' title='bbox 614 3660 709 3727; x_wconf 90' lang='lat' dir='ltr'><strong>fuisse</strong></span> <span class='ocrx_word' id='word_1_161' title='bbox 726 3664 870 3727; x_wconf 89' lang='lat' dir='ltr'><strong>dictatas.</strong></span> <span class='ocrx_word' id='word_1_162' title='bbox 916 3664 971 3728; x_wconf 85' lang='lat' dir='ltr'><strong>Sic</strong></span> <span class='ocrx_word' id='word_1_163' title='bbox 990 3665 1075 3727; x_wconf 89' lang='lat' dir='ltr'><strong>enim</strong></span> <span class='ocrx_word' id='word_1_164' title='bbox 1099 3676 1282 3748; x_wconf 86' lang='lat' dir='ltr'><strong>pervertunt</strong></span> <span class='ocrx_word' id='word_1_165' title='bbox 1296 3668 1419 3745; x_wconf 88' lang='lat' dir='ltr'><strong>omnia,</strong></span> <span class='ocrx_word' id='word_1_166' title='bbox 1432 3678 1466 3731; x_wconf 86' lang='lat' dir='ltr'><strong>ut</strong></span> 
     </span>
     <span class='ocr_line' id='line_1_27' title="bbox 511 3766 1463 3849; baseline 0.006 -22"><span class='ocrx_word' id='word_1_167' title='bbox 511 3767 614 3829; x_wconf 87' lang='lat' dir='ltr'><strong>cuivis</strong></span> <span class='ocrx_word' id='word_1_168' title='bbox 628 3767 677 3828; x_wconf 85' lang='lat' dir='ltr'><strong>vel</strong></span> <span class='ocrx_word' id='word_1_169' title='bbox 692 3787 803 3849; x_wconf 87' lang='lat' dir='ltr'><strong>parum</strong></span> <span class='ocrx_word' id='word_1_170' title='bbox 819 3766 1012 3847; x_wconf 84' lang='lat' dir='ltr'><strong>intelligenti</strong></span> <span class='ocrx_word' id='word_1_171' title='bbox 1034 3769 1241 3849; x_wconf 84' lang='lat' dir='ltr'><strong>perspicuum</strong></span> <span class='ocrx_word' id='word_1_172' title='bbox 1257 3769 1311 3843; x_wconf 88' lang='lat' dir='ltr'><strong>sit,</strong></span> <span class='ocrx_word' id='word_1_173' title='bbox 1326 3781 1463 3833; x_wconf 91' lang='lat' dir='ltr'><strong>mentem</strong></span> 
     </span>
     <span class='ocr_line' id='line_1_28' title="bbox 510 3868 1464 3951; baseline 0.003 -20"><span class='ocrx_word' id='word_1_174' title='bbox 510 3890 617 3931; x_wconf 89' lang='lat' dir='ltr'><strong>earum</strong></span> <span class='ocrx_word' id='word_1_175' title='bbox 632 3871 726 3949; x_wconf 85' lang='lat' dir='ltr'><strong>longe</strong></span> <span class='ocrx_word' id='word_1_176' title='bbox 743 3890 812 3932; x_wconf 88' lang='lat' dir='ltr'><strong>esse</strong></span> <span class='ocrx_word' id='word_1_177' title='bbox 829 3870 869 3930; x_wconf 88' lang='lat' dir='ltr'><strong>ab</strong></span> <span class='ocrx_word' id='word_1_178' title='bbox 885 3868 1037 3951; x_wconf 88' lang='lat' dir='ltr'><strong>opinione</strong></span> <span class='ocrx_word' id='word_1_179' title='bbox 1053 3871 1225 3934; x_wconf 88' lang='lat' dir='ltr'><strong>communi.</strong></span> <span class='ocrx_word' id='word_1_180' title='bbox 1272 3872 1338 3935; x_wconf 87' lang='lat' dir='ltr'><strong>Sed</strong></span> <span class='ocrx_word' id='word_1_181' title='bbox 1354 3896 1374 3937; x_wconf 86' lang='lat' dir='ltr'><strong>a</strong></span> <span class='ocrx_word' id='word_1_182' title='bbox 1389 3872 1464 3936; x_wconf 89' lang='lat' dir='ltr'><strong>veri·</strong></span> 
     </span>
     <span class='ocr_line' id='line_1_29' title="bbox 510 3970 1464 4053; baseline 0.004 -22"><span class='ocrx_word' id='word_1_183' title='bbox 510 3981 575 4033; x_wconf 86' lang='lat' dir='ltr'><strong>tate</strong></span> <span class='ocrx_word' id='word_1_184' title='bbox 605 3971 732 4051; x_wconf 86' lang='lat' dir='ltr'><strong>longius</strong></span> <span class='ocrx_word' id='word_1_185' title='bbox 761 3970 875 4034; x_wconf 89' lang='lat' dir='ltr'><strong>distat:</strong></span> <span class='ocrx_word' id='word_1_186' title='bbox 915 3992 1054 4053; x_wconf 90' lang='lat' dir='ltr'><strong>namque</strong></span> <span class='ocrx_word' id='word_1_187' title='bbox 1084 3993 1196 4034; x_wconf 90' lang='lat' dir='ltr'><strong>omnes</strong></span> <span class='ocrx_word' id='word_1_188' title='bbox 1225 3974 1405 4051; x_wconf 68' lang='lat' dir='ltr'><strong>blanditias,</strong></span> <span class='ocrx_word' id='word_1_189' title='bbox 1433 3982 1464 4035; x_wconf 90' lang='lat' dir='ltr'><strong>et</strong></span> 
     </span>
     <span class='ocr_line' id='line_1_30' title="bbox 511 4070 1464 4157; baseline 0.004 -25"><span class='ocrx_word' id='word_1_190' title='bbox 511 4070 664 4152; x_wconf 88' lang='lat' dir='ltr'><strong>exquisiti</strong></span> <span class='ocrx_word' id='word_1_191' title='bbox 690 4073 813 4134; x_wconf 86' lang='lat' dir='ltr'><strong>colores</strong></span> <span class='ocrx_word' id='word_1_192' title='bbox 843 4092 883 4134; x_wconf 94' lang='lat' dir='ltr'><strong>eo</strong></span> <span class='ocrx_word' id='word_1_193' title='bbox 914 4071 1062 4150; x_wconf 86' lang='lat' dir='ltr'><strong>tendunt,</strong></span> <span class='ocrx_word' id='word_1_194' title='bbox 1088 4086 1123 4136; x_wconf 87' lang='lat' dir='ltr'><strong>ut</strong></span> <span class='ocrx_word' id='word_1_195' title='bbox 1152 4076 1213 4137; x_wconf 86' lang='lat' dir='ltr'><strong>sub</strong></span> <span class='ocrx_word' id='word_1_196' title='bbox 1240 4075 1464 4157; x_wconf 86' lang='lat' dir='ltr'><strong>appellationis</strong></span> 
     </span>
     <span class='ocr_line' id='line_1_31' title="bbox 510 4171 1464 4254; baseline 0.006 -23"><span class='ocrx_word' id='word_1_197' title='bbox 510 4181 671 4254; x_wconf 81' lang='lat' dir='ltr'><strong>praetextu</strong></span> <span class='ocrx_word' id='word_1_198' title='bbox 695 4171 768 4252; x_wconf 89' lang='lat' dir='ltr'><strong>jure</strong></span> <span class='ocrx_word' id='word_1_199' title='bbox 800 4172 944 4236; x_wconf 88' lang='lat' dir='ltr'><strong>videatur</strong></span> <span class='ocrx_word' id='word_1_200' title='bbox 978 4175 1209 4239; x_wconf 87' lang='lat' dir='ltr'><strong>subvertendus</strong></span> <span class='ocrx_word' id='word_1_201' title='bbox 1240 4197 1310 4240; x_wconf 87' lang='lat' dir='ltr'><strong>esse</strong></span> <span class='ocrx_word' id='word_1_202' title='bbox 1341 4177 1464 4240; x_wconf 82' lang='lat' dir='ltr'><strong>viculus</strong></span> 
     </span>
     <span class='ocr_line' id='line_1_32' title="bbox 510 4271 1463 4359; baseline 0.004 -24"><span class='ocrx_word' id='word_1_203' title='bbox 510 4271 723 4346; x_wconf 88' lang='lat' dir='ltr'><strong>sacerdotum,</strong></span> <span class='ocrx_word' id='word_1_204' title='bbox 747 4273 851 4349; x_wconf 91' lang='lat' dir='ltr'><strong>Nobe,</strong></span> <span class='ocrx_word' id='word_1_205' title='bbox 874 4273 930 4355; x_wconf 92' lang='lat' dir='ltr'><strong>qui</strong></span> <span class='ocrx_word' id='word_1_206' title='bbox 955 4275 1084 4337; x_wconf 87' lang='lat' dir='ltr'><strong>vertitur</strong></span> <span class='ocrx_word' id='word_1_207' title='bbox 1107 4275 1139 4337; x_wconf 93' lang='lat' dir='ltr'><strong>in</strong></span> <span class='ocrx_word' id='word_1_208' title='bbox 1163 4276 1321 4354; x_wconf 87' lang='lat' dir='ltr'><strong>latratum,</strong></span> <span class='ocrx_word' id='word_1_209' title='bbox 1345 4277 1463 4359; x_wconf 83' lang='lat' dir='ltr'><strong>signifi·</strong></span> 
     </span>
     <span class='ocr_line' id='line_1_33' title="bbox 510 4374 1462 4460; baseline 0.003 -22"><span class='ocrx_word' id='word_1_210' title='bbox 510 4386 624 4457; x_wconf 90' lang='lat' dir='ltr'><strong>catqua</strong></span> <span class='ocrx_word' id='word_1_211' title='bbox 647 4384 810 4456; x_wconf 88' lang='lat' dir='ltr'><strong>pastorum</strong></span> <span class='ocrx_word' id='word_1_212' title='bbox 833 4374 980 4438; x_wconf 78' lang='lat' dir='ltr'><strong>ecclesiae</strong></span> <span class='ocrx_word' id='word_1_213' title='bbox 1005 4377 1191 4460; x_wconf 86' lang='lat' dir='ltr'><strong>diligentem</strong></span> <span class='ocrx_word' id='word_1_214' title='bbox 1214 4379 1407 4458; x_wconf 85' lang='lat' dir='ltr'><strong>custodiam,</strong></span> <span class='ocrx_word' id='word_1_215' title='bbox 1429 4388 1462 4441; x_wconf 91' lang='lat' dir='ltr'><strong>ut</strong></span> 
     </span>
    </p>
   </div>
   <div class='ocr_carea' id='block_1_10' title="bbox 0 0 1838 5475">
    <p class='ocr_par' dir='ltr' id='par_1_10' title="bbox 0 0 1838 5475">
     <span class='ocr_line' id='line_1_34' title="bbox 0 0 1838 5475; baseline 0 3"><span class='ocrx_word' id='word_1_216' title='bbox 0 0 1838 5475; x_wconf 95' lang='lat' dir='ltr'><strong> </strong></span> 
     </span>
    </p>
   </div>
  </div>
 </body>
</html>
