3667 5475
483 746 547 805 310
743 755 880 803 sossius
895 754 1175 801 saansauarausrs
1345 742 1394 819 [a
1409 759 1447 803 n.

484 932 543 976 vos
557 921 590 975 et
604 908 770 973 dominum
785 908 1045 989 wigorniensem
1063 908 1109 972 sic
1131 907 1300 973 habendos
1317 910 1351 972 in
1376 932 1443 975 om-

486 1013 583 1078 nibus
609 1022 641 1076 et
667 1010 862 1088 tractandos,
876 1019 913 1073 ut
939 1010 1093 1094 capitales
1120 1010 1270 1075 inimicos
1294 1012 1400 1095 regni,
1414 1024 1446 1077 et

486 1114 626 1199 publicae
656 1112 767 1175 salutis
795 1112 914 1173 hostes.
975 1111 1108 1174 Utinam
1139 1133 1239 1175 vanus
1272 1105 1314 1176 sit
1351 1114 1446 1178 timor

490 1216 603 1279 meus!
636 1212 702 1276 Sed
728 1211 886 1296 quicquid
912 1212 1060 1295 episcopi
1083 1214 1116 1277 iu
1140 1209 1358 1298 appellatoriis
1380 1215 1448 1279 suis

489 1337 582 1401 papae
598 1314 640 1378 de
662 1335 701 1377 eo
723 1314 925 1396 scripserint,
938 1313 1092 1398 quicquid
1114 1315 1293 1399 praedicent
1316 1314 1358 1379 de
1379 1311 1445 1401 pie·

491 1429 556 1483 tete
575 1429 608 1481 et
628 1416 874 1484 mansuetudine
891 1415 974 1499 ejus,
988 1415 1029 1479 de
1046 1415 1174 1501 justitia
1193 1428 1226 1480 et
1248 1417 1453 1497 affabilitate,

491 1517 534 1582 de
560 1516 738 1581 reverentia
767 1513 947 1594 sacerdotii,
968 1515 1156 1580 nihiladeo
1180 1517 1315 1600 impium
1338 1528 1389 1581 est
1413 1516 1448 1581 in

491 1620 611 1693 Deum,
648 1618 682 1684 in
718 1616 866 1693 homines
902 1616 1122 1696 inhumanum,
1153 1607 1243 1713 quod
1272 1612 1389 1694 Franci
1417 1630 1450 1683 et

492 1721 601 1787 Latini
623 1719 664 1783 de
686 1740 725 1784 eo
748 1719 873 1783 facilius
896 1740 964 1783 uon
988 1719 1142 1802 credant:
1169 1720 1255 1788 unde
1275 1721 1450 1804 plurimum

491 1821 646 1887 mirantur
674 1830 706 1887 et
734 1828 865 1902 stupent
889 1839 1001 1881 omnes
1028 1819 1083 1903 qui
1109 1818 1254 1899 audiunt,
1281 1842 1347 1905 qua
1372 1843 1451 1886 con·

495 1922 639 2001 seientia,
669 1943 733 2005 qna
769 1919 979 2008 impudentia,
1015 1942 1080 2004 qua
1112 1921 1216 1987 fronte
1244 1922 1315 1986 ausi
1342 1919 1450 1987 fuistis

496 2044 647 2103 asserere,
671 2024 820 2101 scribere,
849 2032 882 2086 et
910 2021 1105 2106 episcopalis
1135 2023 1334 2087 auctoritatis
1375 2024 1450 2089 cha·

495 2127 672 2193 rectoribus
708 2125 895 2189 confirmare
927 2124 1145 2188 innocentiam
1175 2124 1327 2202 hominis,
1359 2125 1453 2212 cujus

496 2227 662 2311 injustitiae
677 2236 752 2288 sunt
767 2225 910 2290 omnium
925 2225 1045 2303 fabula,
1059 2225 1152 2310 cujus
1173 2227 1452 2312 supplantationes

497 2336 531 2391 et
553 2326 719 2389 violentias
740 2325 879 2400 mundus
901 2327 1048 2409 agnovit:
1080 2328 1243 2413 quemodo
1263 2328 1298 2391 in
1322 2326 1453 2395 subver-

498 2428 620 2491 sionem
629 2426 763 2509 justitiae
779 2426 893 2488 falsum
915 2425 1007 2503 dedit
1021 2438 1069 2491 tot
1088 2435 1120 2505 et
1142 2439 1302 2493 tantorum
1324 2440 1451 2512 patrum

499 2527 688 2591 venerabilis
733 2527 923 2590 universitas
959 2548 1018 2611 pro
1055 2529 1179 2593 malitia
1225 2530 1453 2594 testimonium.

498 2632 584 2694 Nam
607 2630 718 2713 scripti
741 2627 839 2691 vestri
861 2630 958 2691 verba
979 2640 1055 2692 sunt
1075 2630 1147 2694 haec
1169 2651 1338 2714 protege,
1361 2630 1452 2716 cujus

498 2755 626 2798 causam
638 2731 779 2796 notarius
790 2741 893 2794 vester
898 2728 1078 2815 justificare
1088 2741 1231 2812 conatur,
1240 2733 1315 2798 Bex
1324 2755 1452 2798 omnem

498 2835 653 2920 promittit
663 2834 832 2918 justitiam,
845 2843 877 2896 et
892 2854 963 2896 eam
983 2834 1077 2897 factis
1091 2835 1221 2923 implere
1243 2847 1373 2919 paratus
1395 2847 1452 2914 est,

500 2946 533 3000 et
548 2937 642 3000 dulce
666 2944 792 3018 reputat
817 2935 1017 3018 obsequium,
1034 2957 1131 3019 quum
1154 2947 1312 3016 monetur,
1325 2948 1363 3001 ut
1385 2958 1453 3001 cor·

384 3110 387 3114 ⁴
500 3038 593 3118 rigat,
615 3038 642 3099 si
666 3036 744 3121 quid
766 3037 935 3100 offenderit
957 3037 989 3099 in
1014 3039 1131 3113 Deum,
1151 3059 1212 3102 nec
1236 3040 1339 3101 solum
1363 3039 1454 3102 satis-

500 3140 614 3217 facere,
623 3140 680 3203 sed
692 3150 735 3216 et,
743 3140 770 3202 si
776 3137 832 3222 jus
844 3140 963 3221 exigat,
973 3139 1006 3202 in
1016 3140 1077 3204 hnc
1089 3140 1241 3209 satisdare
1253 3149 1385 3223 paratus
1396 3150 1453 3203 est.

500 3243 546 3302 Et
559 3251 634 3323 post
649 3261 753 3324 pauca
766 3240 940 3323 subjungit,
956 3239 1105 3303 Eundem
1122 3263 1155 3304 se
1165 3241 1292 3326 judicio
1308 3242 1454 3305 ecclesiae

501 3344 535 3405 in
544 3343 596 3404 his
609 3363 681 3424 qnae
691 3350 765 3402 sunt
775 3341 945 3421 Ecclesiae,
954 3364 1014 3406 nec
1025 3341 1195 3417 inmodico
1205 3344 1457 3418 subtrahentem,

502 3443 560 3507 sed
581 3442 666 3505 colla
688 3440 809 3504 Christi
826 3441 907 3526 jugo
929 3443 1128 3508 subdentem.
1173 3447 1220 3508 Et
1240 3445 1336 3529 paulo
1356 3465 1454 3533 supe·

502 3545 587 3610 rius:
619 3543 794 3619 Dominum
816 3566 923 3626 regem
945 3568 1013 3611 non
1035 3547 1165 3630 quidem
1186 3567 1361 3632 numquam
1376 3566 1452 3637 pec·

502 3670 593 3714 easse
602 3648 749 3725 dicimus,
758 3648 814 3715 sed
827 3649 968 3726 Domino
980 3661 1256 3734 semperparatum
1262 3651 1458 3727 satisfacere,

503 3763 536 3816 et
547 3751 749 3816 confidenter
764 3750 913 3829 dicimus,
929 3761 960 3827 et
975 3751 1197 3837 praedicamus.
1242 3753 1283 3830 Ο,
1297 3753 1456 3837 inquiunt,

503 3877 601 3939 quam
630 3875 719 3931 sana,
746 3870 842 3936 quam
870 3863 982 3920 sancta
1012 3852 1199 3937 pradicatio
1230 3855 1456 3939 episcoporum

504 3954 649 4036 Angliae!
673 3977 768 4038 quam
784 3955 944 4030 sincerum
959 3966 992 4021 et
1006 3956 1223 4040 incorruptum
1234 3977 1294 4041 pro
1310 3957 1455 4031 libertate

503 4056 662 4120 Ecclesiae
673 4055 902 4131 testimonium!
916 4079 1099 4142 quamvera
1108 4070 1157 4122 est
1166 4057 1455 4134 assertiosacerdov.

505 4168 583 4228 tum,
599 4155 652 4238 qui
666 4155 748 4216 illud
763 4156 941 4235 praedicant
956 4159 1045 4243 quod
1063 4159 1179 4223 mimus
1193 4172 1248 4222 aut
1263 4159 1374 4228 histrio
1390 4160 1457 4223 sine

506 4253 676 4339 dispendio
690 4256 889 4323 verecundiae
900 4282 965 4335 uon
978 4263 1168 4353 loqueretur.
1208 4261 1242 4323 Si
1253 4261 1354 4337 fidem
1362 4282 1457 4345 quam

505 4380 572 4425 non
586 4354 683 4420 habet
698 4351 859 4453 desiderat
873 4360 981 4430 scriba
995 4373 1098 4432 vester
1119 4361 1367 4442 Loxrdoniensis,
1382 4372 1415 4427 et
1433 4363 1458 4437 si
