3667 5475
431 768 474 827 90
689 777 827 822 ioannis
844 775 1121 821 sanasanaraums
1293 760 1341 839 [a.
1359 776 1391 821 n.

431 931 491 1018 qui
513 930 545 993 in
567 928 746 993 fornicariae
769 926 904 990 abusum
929 924 1069 989 ecclesiae
1091 926 1175 989 bona
1197 926 1393 1012 dilapidans,

432 1030 602 1097 sanctuarii
636 1029 810 1093 contemnit
843 1050 964 1105 curam,
994 1028 1156 1113 caliceque
1188 1028 1324 1093 inhabili
1358 1043 1394 1093 et

431 1134 541 1217 inepto
569 1130 797 1216 redemptionis
833 1145 960 1207 nostrae,
990 1128 1121 1212 indigne
1150 1142 1183 1194 et
1212 1129 1396 1215 periculosa

433 1232 583 1300 tractavit
598 1232 753 1317 pretium:
774 1231 834 1295 hoc
849 1229 1065 1318 praecipimus,
1080 1243 1117 1296 ut
1133 1254 1205 1295 eum
1223 1231 1393 1296 severitate

431 1336 581 1400 canonica
614 1332 776 1419 corripias,
808 1347 845 1397 ut
881 1336 913 1397 in
954 1355 1048 1418 poena
1083 1334 1178 1397 unius
1213 1334 1391 1398 multorum

433 1437 635 1523 corrigantur
662 1458 793 1500 errores.
854 1434 902 1500 Sit
932 1435 1042 1521 itaque
1072 1435 1297 1499 sollicitudinis
1325 1447 1393 1500 tuae

432 1539 587 1604 attentius
607 1538 784 1625 providere,
799 1549 836 1601 ut
856 1537 888 1600 in
909 1537 1057 1601 omnibus
1077 1536 1215 1601 ecclesiis
1230 1536 1288 1601 tibi
1303 1558 1394 1600 com·

433 1639 546 1714 missis,
572 1662 633 1726 pro
659 1638 868 1703 facrrltatibus
893 1659 1090 1701 earum-uon
1121 1636 1217 1700 modo
1246 1641 1394 1721 argentei

434 1742 547 1808 calices
568 1742 798 1821 instaurentur,
820 1740 876 1804 sed
891 1737 1092 1818 vestimenta,
1114 1752 1146 1803 et
1169 1739 1276 1803 omnia
1297 1755 1395 1804 uten-

434 1844 505 1910 silia
526 1850 606 1910 sacri
628 1843 796 1908 ministerii
819 1844 863 1907 sic
885 1856 1085 1928 reparentur,
1109 1856 1145 1907 ut
1169 1842 1265 1907 modo
1290 1842 1395 1928 possit

433 1946 565 2010 honeste
592 1945 732 2011 Domino
757 1945 938 2010 ministrari.
996 1945 1035 2006 In
1065 1943 1125 2007 hac
1150 1957 1259 2008 autem
1285 1958 1393 2029 parte,

434 2071 498 2112 non
514 2046 686 2121 monachis,
703 2068 764 2110 non
786 2046 955 2126 canonicis,
969 2068 1032 2110 non
1056 2045 1150 2110 alicui
1170 2047 1300 2110 omnino
1320 2067 1395 2132 per·

435 2171 521 2213 sonae
549 2169 671 2233 parcas,
703 2149 781 2231 quin
813 2148 951 2212 Domino
980 2147 1138 2213 debonis
1167 2149 1232 2212 suis
1261 2148 1394 2212 honoris

434 2247 584 2335 primitiae
593 2246 861 2333 persolvantur,et
870 2248 964 2335 plane
974 2249 1112 2334 quisque
1123 2250 1205 2314 siaiu
1213 2248 1390 2313 Dominum

435 2352 556 2436 diligit,
579 2365 610 2416 et
634 2353 771 2417 animam
795 2376 897 2430 suam,
921 2353 965 2417 sic
988 2355 1186 2418 commissam
1210 2354 1270 2417 sibi
1294 2354 1395 2417 hono-

435 2453 520 2517 rabit
543 2453 714 2519 ecclesiam.
767 2454 999 2519 Lincolniensis
1021 2477 1095 2518 vero
1121 2455 1276 2529 sacerdos,
1304 2456 1331 2518 si
1357 2453 1391 2518 in

430 2552 556 2639 judicio
584 2552 700 2640 culpae,
729 2576 803 2640 quae
832 2553 864 2617 in
898 2576 973 2617 eum
1002 2554 1203 2640 impingitur,
1230 2555 1394 2621 obnoxius

435 2653 632 2742 apparuerit,
648 2669 679 2720 et
702 2654 790 2743 quod
810 2654 866 2719 illa
885 2677 961 2742 quae
982 2654 1011 2717 ei
1033 2667 1211 2742 pepererat,
1227 2655 1293 2719 sine
1314 2679 1393 2720 con-

435 2759 580 2824 fessionis
604 2771 660 2824 aut
683 2756 914 2822 communionis
941 2757 1184 2843 participatione
1208 2757 1393 2835 decesserit,

426 2850 469 2925 ‘et
497 2859 623 2933 deinde,
650 2872 685 2923 ut
716 2856 932 2924 Christianam
961 2857 1093 2922 haberet
1123 2857 1334 2945 sepulturam,
1359 2860 1392 2923 in

439 2959 570 3025 ecclesia
585 2959 695 3024 fecerit
716 2957 889 3044 purificari,
905 2971 969 3021 tarn
993 2959 1049 3023 diu
1073 2960 1248 3024 secundum
1272 2973 1395 3024 statuta

385 3109 388 3114 ·
437 3076 565 3149 patrum
593 3062 713 3125 ordinis
741 3060 790 3123 sui
815 3059 1089 3125 administratione
1118 3061 1263 3147 privetur
1292 3063 1394 3126 donec

440 3166 543 3251 ipsum
567 3162 725 3247 condigna
747 3160 945 3248 poenitentia,
967 3178 1124 3249 quantum
1146 3165 1188 3229 ad
1214 3168 1393 3229 humanum

438 3280 559 3353 spectat
586 3287 733 3340 examen,
759 3277 881 3328 constet
908 3267 1031 3329 veniam
1061 3267 1220 3331 meruisse.
1266 3267 1330 3334 Sed
1361 3282 1395 3332 et

438 3367 620 3454 capellanus
631 3367 701 3451 ejus
716 3367 818 3429 eidem
835 3389 939 3451 poenae
954 3369 1128 3453 subjaceat,
1140 3369 1200 3433 nisi
1216 3393 1305 3434 suam
1320 3392 1395 3435 con

437 3470 535 3555 digne
551 3468 653 3533 valeat
673 3469 883 3534 innocentiam
908 3469 1080 3535 declarare.
1126 3473 1252 3556 quue,
1273 3476 1299 3536 si
1317 3492 1395 3557 pur·

437 3573 526 3656 gatio
551 3571 733 3656 praestanda
758 3584 817 3645 est,
843 3573 946 3656 magis
974 3573 1101 3637 videtur
1123 3574 1175 3636 hic
1201 3573 1395 3654 onerandus,

438 3697 504 3760 quo
519 3673 625 3738 minus
639 3675 756 3738 meruit
771 3674 888 3740 habere
909 3674 994 3750 fidei,
1012 3674 1090 3738 dum
1112 3676 1302 3740 confessioni
1318 3698 1393 3762 pro·

437 3779 517 3864 priae
529 3777 617 3843 visus
631 3790 677 3842 est
690 3777 848 3841 reluctari.
882 3779 927 3841 Et
938 3777 1066 3863 quidem
1080 3779 1149 3863 ejus
1164 3791 1211 3842 ast
1229 3790 1394 3841 mortuum

440 3881 561 3945 solvere
583 3894 616 3946 et
638 3880 737 3966 ligare
759 3881 817 3965 qui
840 3879 926 3942 solus
940 3892 1046 3964 potest
1069 3893 1214 3945 mortuos
1228 3880 1393 3952 suscitare,

438 3997 471 4045 et
495 3983 551 4065 qui
573 3982 740 4066 potestatis
759 3982 858 4066 hujus
880 3981 1048 4046 arbitrium
1072 3982 1236 4069 discipulis
1257 3980 1396 4045 contulit

440 4104 536 4167 super
558 4095 686 4157 terram,
702 4082 784 4144 hanc
806 4083 933 4168 speciali
956 4083 1125 4170 privilegio
1143 4084 1261 4148 divinae
1283 4084 1396 4169 majes-

442 4182 564 4248 maisin
580 4181 668 4244 coelis
689 4180 822 4246 retinuit
844 4182 1043 4268 dignitatem.
1090 4188 1263 4260 Caeterum,
1279 4185 1396 4250 dilecte

440 4283 471 4346 iu
487 4282 625 4348 Domino
635 4282 739 4362 fili,ea
753 4284 886 4348 cautelae
902 4285 1069 4371 diligentia
1080 4310 1202 4352 versare
1217 4287 1249 4350 in
1266 4287 1396 4366 talibus,

441 4399 479 4451 ut
495 4385 595 4450 videri
616 4408 678 4449 non
702 4385 802 4471 possis
825 4386 911 4452 sitire
935 4389 1100 4473 pecuniam
1125 4388 1395 4474 delinquentium,
