3667 5475
431 759 472 817 at
689 770 826 815 Joaums
842 768 1119 815 snassaumnusrs
1294 753 1342 836 [a.
1362 775 1393 821 u.

433 921 473 985 ad
494 920 563 985 hac
579 934 699 986 mentes
721 920 898 997 hominum,
914 920 1003 984 etad
1023 921 1214 985 conditionis
1230 943 1300 987 suae
1315 924 1397 989 noti-

434 1021 510 1086 tiam
527 1022 728 1087 reducentur.

509 1284 734 1374 EPlSTOLA
757 1288 922 1351 LIl.-su
938 1305 1098 1352 cuunrcos
1115 1306 1318 1353 uxomuusrs

824 1405 1004 1452 ucccusnu.

612 1546 664 1610 Aa
677 1547 840 1630 Populum
857 1546 991 1609 Pastore
1005 1548 1207 1612 destitutam.

477 1705 585 1771 Ltcur
599 1703 729 1769 orbitati
742 1716 855 1768 vestrae
869 1722 1003 1790 paterno
1018 1706 1251 1792 compatiamur
1266 1710 1398 1788 affectu,

432 1827 584 1890 magnum
601 1819 705 1870 tamen
721 1828 762 1869 ex
777 1829 814 1869 eo
829 1803 975 1889 concepti
995 1805 1114 1869 doloris
1137 1808 1294 1873 habemus
1316 1813 1398 1877 sola-

432 1907 525 1983 tium,
542 1908 627 1993 quod
651 1907 779 1971 beatum
803 1920 926 1992 patrem
949 1920 1090 1973 vestrum
1107 1909 1150 1973 ad
1172 1933 1315 1995 superna
1339 1918 1397 1979 mi-

432 2030 541 2091 grasse
562 2009 760 2087 confidimus,
781 2021 812 2073 et
839 2009 926 2094 apud
951 2025 1073 2094 patrem
1102 2010 1395 2080 misericordiarum

433 2108 533 2173 solitis
548 2112 706 2195 precibus,
716 2110 769 2173 sed
782 2110 920 2173 efficacia
932 2112 1055 2196 majori,
1068 2114 1262 2197 patrocinari
1275 2118 1396 2201 poterit

432 2221 465 2276 et
481 2211 572 2276 nobis
586 2228 618 2278 et
633 2212 730 2279 robis.
766 2214 928 2277 Caeterum
945 2210 1021 2298 quia
1037 2214 1103 2276 sine
1118 2213 1260 2298 periculo
1275 2216 1398 2281 anima-

433 2335 517 2389 rum,
532 2336 703 2401 rerumque
726 2313 903 2401 dispendio,
920 2313 1060 2378 viduitas
1080 2313 1219 2379 ecclesiae
1239 2316 1397 2384 desolatae

433 2416 584 2502 protelari
606 2440 669 2481 non
692 2428 808 2503 potest,
830 2416 993 2482 caritatem
1017 2429 1154 2481 vestram
1176 2441 1340 2502 rogamus,
1362 2433 1396 2486 et

433 2517 641 2583 exhortamur
651 2518 682 2582 in
695 2517 845 2595 Domino,
859 2529 895 2582 ut
907 2516 1048 2603 idipsum
1065 2521 1206 2605 sapiatis,
1218 2532 1250 2584 et
1265 2543 1395 2587 omnem

434 2618 652 2685 scandalorum
668 2632 701 2686 et
722 2619 900 2685 schismatis
913 2620 1107 2684 occasionem
1129 2624 1303 2686 amnicum
1321 2624 1396 2689 dili-

432 2721 542 2810 gentia
551 2721 727 2801 declinetis,
738 2720 917 2804 incedentes
927 2724 1131 2786 unanimesin
1142 2723 1237 2788 domo
1248 2724 1394 2803 Domini,

432 2836 465 2891 et
483 2849 557 2913 quae
576 2828 653 2894 Jesu
677 2824 796 2894 Christi
818 2836 903 2904 sunt,
926 2822 1059 2910 privatis
1080 2824 1254 2889 commodis
1276 2827 1394 2912 praefe-

432 2941 546 2994 rentes.
580 2932 654 3004 Quo
666 2952 752 3005 vero,
768 2926 850 2991 sicut
861 2938 997 3012 oportet,
1010 2926 1136 3010 possitis
1147 2927 1178 2990 in
1191 2928 1394 3013 providendo

434 3031 525 3095 uobis
536 3045 661 3117 pastore
676 3027 856 3115 procedere,
869 3026 1070 3114 praecipimns
1085 3042 1244 3114 quatenus
1259 3029 1300 3093 ad
1317 3055 1394 3096 con·

435 3131 621 3199 servandam
638 3129 778 3196 ecclesiae
799 3150 919 3214 pacem,
937 3129 1099 3195 dominum
1122 3153 1241 3216 regem,
1257 3132 1393 3198 honesta

434 3235 475 3300 de
490 3233 624 3317 collegio
635 3245 740 3295 vestro
755 3230 911 3316 legatione
928 3231 1121 3309 transmissa,
1133 3232 1265 3310 adeatis,
1282 3256 1392 3319 preces

434 3337 463 3401 ei
484 3333 651 3399 devotione
670 3332 781 3399 debita
800 3336 1008 3420 porrigentes,
1025 3347 1061 3398 ut
1082 3335 1229 3399 canonice
1249 3335 1391 3421 eligendi

435 3437 527 3503 vobis
553 3451 711 3524 pastorem
740 3437 919 3503 libertatem
945 3437 1108 3517 concedat,
1130 3453 1162 3503 et
1188 3439 1394 3506 destitutioni

433 3537 583 3616 ecclesiae,
599 3561 646 3616 ea,
662 3561 737 3624 quae
753 3537 971 3603 Christianum
987 3537 1163 3626 principem
1178 3539 1283 3618 decet,
1299 3540 1392 3605 mise-

433 3641 554 3707 ratione
568 3643 744 3728 provideat.

506 3899 730 3964 EPISTOLA
752 3896 935 3961 LIIL-sn
950 3909 1180 3956 scamnorum
1197 3909 1318 3957 eursu·
1377 3849 1378 3853 i

673 4056 812 4117 Domino
827 4054 928 4134 Papa
945 4050 1144 4113 Aloaoadro.

473 4192 706 4253 Vunsrtsurnrs
727 4186 825 4248 frater
847 4197 955 4248 noster
977 4181 1154 4248 Mauricius
1175 4186 1390 4266 Bangorensis

431 4291 611 4378 episcopua,
623 4285 776 4351 facultate
791 4298 822 4349 et
835 4285 1028 4370 possessione
1045 4283 1158 4364 tenuis,
1168 4284 1222 4350 sed
1239 4286 1389 4371 opinione

429 4404 538 4459 nostra
555 4388 602 4453 vir
617 4388 794 4476 religiosus,
809 4400 841 4451 et
863 4388 978 4452 timens
1001 4386 1188 4464 Dominum,
1212 4386 1390 4466 ecclesiam,
