3667 5475
429 754 493 813 262
700 764 837 809 ausurus
853 761 1134 807 sansananrsusrs
1292 746 1338 826 [a.
1355 765 1381 809 n.

434 941 509 984 vero
527 916 705 980 rotunditas
725 914 931 998 perfectionis
948 913 1105 979 indicium
1124 926 1183 990 est,
1204 926 1240 976 ut
1259 916 1384 979 mitten·

434 1033 497 1084 tem
526 1019 653 1095 doceat,
680 1019 713 1079 in
746 1016 887 1098 praefatis
917 1017 1087 1080 virtutibus
1120 1026 1387 1080 consummatum.

437 1121 612 1184 Gemmeus
642 1117 745 1199 fulgor
781 1118 938 1180 elucentis
974 1115 1153 1199 prudentiae
1185 1127 1217 1179 et
1245 1117 1388 1181 scientiae

436 1223 544 1300 imago
559 1232 616 1284 est.
661 1218 759 1294 Quid,
771 1218 859 1301 quod
873 1221 962 1282 color
976 1220 1045 1301 ipse
1060 1219 1199 1281 coelestis
1214 1219 1389 1283 rectissime

438 1324 634 1405 innuitque
655 1322 690 1383 in
713 1322 838 1383 actibus
861 1322 928 1384 suis
950 1322 1114 1404 praecipue
1136 1320 1247 1383 tendat
1267 1322 1390 1385 animus

441 1420 619 1487 mittentis?
658 1423 769 1504 Ipsum
792 1442 866 1483 vero
888 1421 1008 1505 lapidis
1030 1442 1147 1484 nornen
1169 1422 1339 1484 rerbomm
1362 1427 1391 1484 e't

439 1543 571 1606 opernm
587 1520 735 1601 designat
745 1531 954 1583 venustatem.
999 1520 1180 1604 Jacynthus
1196 1521 1295 1598 enim,
1310 1520 1338 1583 si
1352 1520 1390 1585 de

439 1622 548 1687 sormae
572 1621 682 1703 gratia,
708 1620 858 1684 dictionis
887 1620 1089 1684 attendamus
1115 1622 1284 1703 originem,
1308 1632 1390 1686 totus

439 1724 512 1801 flos,
526 1724 578 1785 vel
592 1722 809 1786 universaliter
820 1723 937 1785 florens
954 1715 1186 1805 interpretatur.
1219 1725 1240 1786 J
1241 1744 1262 1785 a
1277 1724 1389 1786 etenim

440 1824 649 1887 universalem
671 1833 775 1899 sonat,
789 1833 820 1884 et
835 1822 973 1905 cynthus
989 1823 1120 1886 vertitur
1133 1824 1167 1886 in
1182 1825 1310 1886 florem·
1349 1824 1392 1885 Et

439 1947 481 1989 ue
506 1926 541 1989 in
567 1924 663 2008 hujus
686 1924 882 2006 tempestatis
907 1924 1042 1987 articulo
1067 1924 1149 1988 fides
1174 1925 1316 2001 vacillet,
1340 1935 1392 1987 aut

439 2026 590 2090 humanis
612 2024 874 2106 persuasionibus
897 2024 980 2086 ratio
1009 2024 1191 2100 seducatur,
1218 2039 1251 2087 et
1280 2045 1388 2107 super·

442 2127 574 2209 scriptio
590 2125 688 2188 fidem
704 2124 884 2203 confirmat,
896 2136 928 2187 et
939 2124 1099 2188 illuminat
1114 2128 1278 2189 rationem.
1309 2128 1392 2190 Nam

441 2227 597 2290 rationem
619 2226 659 2286 ab
681 2244 783 2286 errore
803 2245 945 2306 purgans
959 2246 1031 2287 eum
1051 2227 1147 2287 mittit
1161 2225 1203 2288 ad
1219 2226 1394 2303 Christum,

443 2337 476 2390 et
505 2347 546 2388 ne
576 2324 836 2388 tribulationibus
865 2335 899 2387 et
928 2327 1083 2407 pressuris
1113 2327 1288 2391 Christiani
1313 2327 1394 2391 fides

442 2430 484 2493 ab
514 2425 698 2490 infirmitate
729 2424 868 2503 deficiat,
898 2427 1063 2489 victoriam
1092 2429 1224 2492 ascribit
1254 2428 1392 2492 Christo.

442 2529 569 2602 Quibus
584 2527 712 2591 duobus
731 2527 836 2591 verbis
851 2537 883 2590 et
898 2527 982 2591 fides
997 2530 1038 2591 ab
1058 2529 1254 2608 infirmitate,
1270 2541 1303 2594 et
1315 2529 1394 2595 ratio

442 2635 483 2699 eb
499 2651 602 2696 errore
617 2639 778 2712 purgatur.
814 2630 860 2691 Et
875 2630 951 2713 quia
966 2630 1041 2692 finis
1056 2652 1174 2714 pugnae
1188 2631 1322 2696 victoria
1336 2642 1395 2710 est,

442 2744 475 2798 et
503 2730 624 2796 fructus
654 2727 794 2791 victoriae
829 2750 959 2809 corona,
995 2731 1125 2795 Christo
1159 2744 1394 2816 consequenter

441 2854 575 2916 regnum
601 2830 756 2907 attribuit,
777 2841 812 2893 ut
833 2853 905 2893 cum
930 2853 968 2894 eo
993 2845 1243 2914 conregnaturos
1270 2835 1394 2913 doceat,

444 2937 588 3021 quicum
613 2933 741 2997 Christo
763 2933 972 2996 certaminum
994 2946 1026 2997 et
1047 2936 1192 2998 laborum
1208 2936 1396 3003 discrimina

444 3039 653 3121 pertulerunt,
677 3047 709 3098 et
731 3034 928 3098 adversarios
953 3036 1033 3118 ejus,
1056 3037 1186 3117 quando
1209 3038 1340 3120 justitia
1361 3042 1394 3107 iu

438 3138 597 3223 judicium
622 3147 832 3212 correertetur,
855 3137 1046 3199 contritione
1070 3148 1102 3199 et
1125 3138 1314 3202 confusione
1337 3141 1395 3204 du-

443 3240 521 3321 plici
537 3236 761 3300 conterendos.
807 3237 842 3298 Si
861 3237 992 3320 quidem
1012 3238 1113 3300 honor
1128 3241 1212 3318 regis
1228 3241 1395 3323 judicium

444 3336 559 3416 diligit,
582 3345 613 3399 et
636 3337 721 3397 oculi
744 3337 814 3418 ejus
836 3338 946 3401 vident
972 3339 1047 3422 quia
1073 3339 1178 3421 diligit
1200 3343 1394 3424 aequitatem.

444 3439 527 3502 Nam
544 3436 599 3498 ubi
615 3457 712 3514 amor,
724 3437 770 3499 ibi
786 3438 907 3501 oculus.
952 3441 997 3502 Et
1012 3441 1081 3503 haec
1099 3442 1175 3503 mihi
1187 3442 1311 3506 videtur
1325 3466 1397 3508 esse

444 3540 578 3604 duarum
608 3540 779 3622 conceptio
816 3540 1013 3603 clausarum:
1051 3543 1144 3605 tertia
1173 3564 1247 3605 vero
1276 3567 1397 3609 nomen

444 3641 563 3707 Christi
583 3641 708 3723 repetit,
728 3655 761 3705 et
782 3641 905 3723 imperii
928 3643 1039 3706 reticet
1063 3644 1261 3724 dignitatem,
1276 3669 1315 3710 ea
1330 3648 1397 3712 dis·

444 3742 630 3826 pensatione
647 3752 681 3807 ut
695 3744 840 3819 arbitror,
855 3762 921 3823 quo
941 3753 973 3804 et
993 3744 1117 3807 animus
1135 3746 1339 3828 suscipientis
1361 3751 1397 3812 in

443 3853 683 3927 persecutorum
698 3864 827 3907 suorum
844 3844 974 3920 victore,
990 3855 1022 3907 et
1036 3847 1163 3926 Regum
1175 3847 1264 3927 Rege
1281 3848 1397 3928 figatur

446 3945 584 4022 Christ0,
600 3946 693 4028 eique
717 3946 876 4009 cohaereat
897 3946 1161 4027 inseparabiliter,
1177 3960 1209 4011 et
1230 3959 1265 4011 ut
1286 3958 1397 4013 osten-

445 4045 537 4107 datur
556 4066 621 4106 non
643 4067 712 4108 esse
733 4046 827 4109 hodie
848 4046 1083 4128 imperatorem,
1099 4049 1153 4131 qni
1175 4047 1217 4110 ad
1233 4049 1396 4128 Christum

445 4143 613 4228 pertineat,
630 4166 728 4226 quum
751 4146 976 4210 schismaticus
998 4169 1056 4232 per
1071 4150 1134 4210 vim
1155 4159 1188 4212 et
1206 4149 1350 4214 fraudem
1367 4166 1398 4221 et

444 4244 549 4310 labem
564 4241 796 4320 haereticorum,
810 4246 917 4310 nitens
937 4248 1143 4311 insecabilem
1163 4249 1311 4315 scindere
1327 4254 1396 4315 uni-

446 4341 781 4422 tatemdntegritatem
797 4366 1009 4429 corrumpere,
1025 4349 1180 4411 incestare
1197 4352 1396 4432 pudicitiam,
