3667 5475
438 781 502 842 320
700 793 837 839 sossius
852 791 1133 838 sssssnsmsssrs
1302 779 1348 858 [A.
1365 792 1398 841 n.

438 946 585 1026 litudine,
600 967 696 1030 quam
711 947 880 1009 verborum
891 946 1110 1030 increpatione
1122 947 1307 1030 corripiunt.
1341 948 1398 1011 sic

438 1048 471 1111 iu
494 1056 607 1131 quarto
628 1067 737 1127 regum
763 1047 924 1111 Heliseus
951 1047 1034 1128 regis
1061 1049 1160 1111 lsrael
1182 1046 1398 1111 idololatriam

438 1147 622 1224 detestetur,
637 1158 670 1212 et
687 1148 718 1210 ei
740 1149 904 1211 oraculum
929 1147 1112 1231 Prophetiae
1134 1169 1202 1212 non
1225 1148 1398 1226 subtrabit,

437 1248 495 1314 sed
506 1249 577 1333 quis
589 1249 640 1322 sit,
652 1247 768 1333 quidve
780 1270 930 1332 passurus
942 1271 984 1313 ex
995 1250 1109 1314 merito
1124 1251 1230 1333 palam
1242 1250 1395 1335 loquitur,

437 1362 469 1416 et
497 1352 700 1435 proverbium
729 1353 851 1414 nullum
878 1352 967 1414 dicit.
1022 1350 1075 1414 Sic
1103 1351 1212 1435 itaque
1239 1352 1393 1435 potestati

437 1452 549 1531 desert,
564 1450 610 1515 sio
630 1473 689 1536 pro
703 1452 877 1516 reverentia
891 1452 1022 1516 alterius
1045 1453 1218 1536 respondet
1241 1454 1344 1530 elteri,
1358 1461 1394 1515 ut

436 1574 501 1617 nou
517 1553 628 1635 religio
638 1553 801 1638 jacturam
814 1553 922 1630 faeiat,
933 1551 990 1615 sed
1006 1554 1096 1617 zelus
1108 1554 1268 1637 exprimat
1279 1554 1391 1617 carita-

437 1666 513 1721 tem.
548 1657 603 1720 Ait
616 1655 718 1719 enim:
745 1654 834 1722 Quid
847 1656 931 1719 miti
945 1663 977 1718 et
994 1655 1064 1733 tibi,
1077 1676 1138 1718 ren
1155 1658 1262 1719 Israel
1271 1655 1288 1718 ,9
1311 1648 1395 1719 node

435 1758 482 1822 od
491 1759 670 1841 prophetas
681 1758 792 1839 patris
803 1758 865 1834 tui,
875 1764 908 1819 et
922 1759 1039 1819 matris
1054 1764 1127 1819 tue.
1180 1758 1264 1820 Vivit
1280 1757 1394 1821 Domi-

434 1879 506 1936 nus,
530 1859 568 1921 in
592 1859 687 1942 enjus
716 1866 886 1939 conspeetu
912 1866 972 1936 sto,
998 1858 1086 1943 qnod
1112 1860 1143 1920 si
1171 1879 1236 1920 non
1265 1860 1401 1921 sottum-

434 1960 595 2041 Josoplcot
620 1961 706 2041 repis
732 1959 832 2022 Jnde
858 1958 1085 2035 erubescerem,
1111 1977 1153 2020 ne
1181 1958 1394 2021 attendissem

434 2060 565 2143 quidem
588 2066 629 2137 te,
643 2081 702 2123 neo
723 2060 942 2139 respexissem.
988 2058 1110 2121 Eorum
1127 2079 1202 2120 vero
1225 2057 1394 2122 sacrificiis

435 2160 712 2243 periculosissime,
729 2171 765 2223 et'
781 2172 817 2222 ut
839 2160 964 2242 opinor,
979 2181 1045 2223 non
1067 2160 1137 2222 sine
1160 2159 1273 2222 salutis
1295 2159 1393 2223 detri-

435 2268 543 2321 mento
573 2259 838 2331 communicetur,
869 2260 957 2343 quod
988 2281 1031 2322 ex
1063 2279 1221 2323 sanonum
1252 2260 1392 2323 lectione

434 2360 573 2443 plenius,
597 2371 634 2423 ut
657 2361 770 2438 nostis,
794 2370 891 2444 patet.
937 2362 1022 2424 Nam
1052 2371 1084 2425 et
1114 2362 1262 2424 Naaman
1292 2361 1392 2443 Syrus

435 2460 612 2525 ministerio
629 2462 765 2526 Helisaei
781 2473 908 2527 curatus
923 2484 943 2526 e
956 2464 1055 2546 lepra,
1067 2460 1190 2525 domini
1202 2463 1253 2525 sui
1263 2474 1295 2527 et
1308 2463 1393 2545 regis

435 2560 1394 2645 Syriae,publioisorationibusinteressenonaudetnisivenie

434 2663 611 2747 impetrate,
625 2660 689 2725 nisi
703 2683 784 2725 onus
800 2661 937 2726 duorum
959 2660 1153 2737 burdonum,
1170 2663 1222 2725 eui
1237 2663 1338 2727 instet
1359 2674 1391 2727 et

433 2764 554 2840 sedeat,
569 2775 710 2847 asportet
724 2765 758 2826 in
772 2764 907 2827 idolium
929 2764 969 2826 de
985 2775 1066 2826 terra
1090 2761 1219 2842 Sancte,
1234 2765 1298 2828 nisi
1316 2787 1391 2849 pro·

434 2864 572 2947 phetiois
593 2864 790 2929 orationibus
812 2861 900 2926 huno
923 2875 1039 2946 purget
1061 2885 1242 2941 excessum,
1266 2864 1390 2942 dicens,

437 2966 576 3033 Quando
591 2968 778 3047 inpreditnr
792 2966 942 3027 dominns
956 2985 1045 3027 mens
1057 2967 1212 3047 ternplum
1229 2965 1390 3030 Remmon

433 3076 471 3130 nt
481 3068 603 3146 odoret,
613 3077 643 3131 et
654 3070 710 3130 illo
718 3070 880 3130 innitente
890 3087 988 3147 snper
997 3087 1131 3128 monum
1143 3087 1260 3144 meum,
1271 3069 1390 3131 odoro·

433 3190 504 3233 vero
517 3173 622 3233 Deum
635 3192 745 3233 oerum
757 3175 792 3232 in
804 3170 912 3231 eodem
925 3172 1001 3246 loco,
1013 3188 1069 3230 oro
1081 3189 1185 3253 qnaeso
1196 3176 1233 3231 nt
1244 3171 1389 3249 ipnosoot

433 3274 517 3333 milii
531 3273 694 3332 Dominus
707 3291 793 3332 serso
810 3279 865 3331 tuo
875 3291 939 3350 pro
954 3272 1014 3332 icoo
1030 3292 1076 3333 re.
1122 3270 1158 3332 Si
1173 3290 1246 3350 ergo
1262 3281 1388 3334 tantum

433 3371 537 3435 timuit
558 3371 696 3451 gentiliS,
716 3372 844 3452 ignarus
866 3372 958 3453 legis,
980 3382 1136 3454 quantum
1158 3371 1263 3433 timere
1287 3370 1387 3434 debet

432 3472 645 3556 philosophus
658 3473 870 3552 Christianus,
883 3473 996 3537 doctor
1006 3472 1104 3554 legis?
1128 3474 1225 3535 Porro
1237 3473 1291 3555 qui
1302 3473 1387 3537 inter

432 3577 514 3639 tales
543 3576 681 3639 veritatis
711 3587 846 3640 assertor
883 3586 943 3646 est,
974 3577 1080 3638 cultor
1115 3574 1257 3658 justitie,
1288 3574 1386 3638 divini

433 3699 538 3762 praeoo
558 3677 684 3761 judicii,
706 3679 836 3741 aliorum
861 3700 925 3741 non
947 3678 1132 3759 inquinatur
1155 3685 1284 3740 attactu.
1332 3677 1385 3741 Sis

432 3782 518 3845 enim
543 3781 627 3844 Loth
655 3781 797 3843 Domino
821 3781 930 3863 placet
956 3781 990 3841 in
1016 3779 1178 3856 Sodomis,
1202 3779 1326 3863 Joseph
1351 3780 1385 3842 in

433 3882 528 3945 domo
552 3883 736 3959 Pharaonis
758 3883 890 3965 Moyses
916 3882 998 3944 inter
1022 3881 1203 3964 AEthiopes,
1228 3879 1326 3944 Cusei
1351 3881 1384 3970 in

433 3980 577 4045 consiliis
606 3985 761 4059 Abseion,
791 3983 914 4046 Abdias
942 3983 975 4045 in
1015 3982 1176 4046 consortio
1205 3983 1319 4045 Achab
1351 3991 1383 4044 et

429 4083 575 4156 Jezabel,
598 4084 716 4147 Daniel
742 4106 761 4146 a
787 4086 930 4148 Domino
954 4083 1099 4165 dirigitur
1125 4092 1156 4145 et
1183 4082 1327 4164 diligitur
1347 4084 1380 4144 in

430 4179 609 4261 Babylone.

472 4282 584 4344 Meum
600 4278 707 4363 itaque
724 4283 891 4347 consilium
907 4297 1002 4350 estet
1024 4284 1228 4362 desiderium,
1242 4295 1279 4347 ut
1299 4285 1384 4347 inter

431 4383 650 4447 schismaticos
665 4391 698 4445 et
712 4383 878 4451 haeretieos
894 4388 989 4453 fidem
1006 4388 1197 4473 praedioetis,
1210 4398 1242 4450 et
1256 4408 1382 4470 pacem,
