3667 5475
460 770 501 829 68
719 784 854 828 roaums
870 784 1148 829 sunusnnmuusrs
1318 769 1365 848 [ι.
1383 789 1414 832 n.

459 933 598 997 mundus
633 947 792 1017 agnoscet,
828 934 1055 998 consecrationi
1092 934 1177 999 illius
1213 936 1416 1003 defuerunt?

461 1036 549 1111 Quid
569 1039 682 1101 ascitos
703 1036 833 1101 Tuscioe
852 1037 1049 1123 episcoposa
1070 1039 1306 1103 consecratione
1325 1040 1413 1104 inhi-

459 1139 539 1216 buit,
556 1140 615 1204 nisi
636 1138 791 1223 sacrilegii
809 1138 1027 1204 conscientia?
1065 1139 1169 1204 Miror
1190 1141 1276 1227 quod
1298 1164 1413 1208 omnes

458 1264 631 1328 pauperem
658 1253 835 1328 sequuntur
857 1242 1089 1322 Alexandrum,
1120 1244 1307 1331 maluntque
1334 1268 1411 1310 curn

458 1368 498 1409 eo
526 1346 654 1411 exulare
683 1368 702 1410 a
731 1345 812 1409 facie
849 1344 1041 1429 principum,
1071 1367 1167 1431 quam
1205 1347 1411 1414 adhaerentes

457 1450 574 1513 aemulo
585 1450 654 1534 ejus
669 1470 743 1512 cum
758 1447 955 1533 principibus
970 1446 1115 1530 gentium
1127 1448 1294 1534 imperare.
1342 1451 1410 1515 Hic

457 1552 609 1637 episcopi,
625 1552 676 1616 hic
691 1549 876 1636 presbyteri,
891 1548 942 1613 hic
962 1550 1098 1631 diaconi,
1113 1550 1164 1614 hic
1180 1551 1268 1616 curia
1283 1564 1360 1635 tota,
1376 1566 1411 1619 et

456 1656 567 1720 ordine
579 1656 619 1720 de
631 1666 720 1720 tanto
732 1653 873 1741 quisquis
888 1675 952 1716 non
964 1653 1082 1735 exulat,
1094 1653 1146 1718 hic
1157 1669 1219 1720 est:
1242 1678 1295 1719 eos
1313 1658 1410 1742 Papi-

457 1760 540 1824 ensis
555 1758 680 1823 concilii
696 1756 854 1821 sententia
868 1778 932 1819 non
948 1767 1057 1836 terret,
1066 1756 1122 1820 sed
1137 1758 1168 1821 in
1185 1757 1289 1844 ipsum
1305 1758 1409 1845 impe·

455 1874 603 1942 retorem,
614 1873 647 1924 et
662 1859 782 1923 idolum
796 1880 889 1922 suum
902 1879 975 1921 cum
988 1857 1136 1922 omnibus
1147 1859 1321 1924 cultoribus
1332 1862 1410 1945 suis,

455 1976 618 2049 sperantes
627 1964 659 2026 in
670 1961 860 2037 Domino,in
870 1960 1143 2045 potentiavirtutis
1152 1962 1408 2047 ejus,confortati

454 2065 488 2128 in
506 2064 626 2149 Spiritu
642 2074 750 2127 sancto
765 2062 955 2126 sententiam
976 2063 1187 2128 anathematis
1201 2065 1408 2131 intorserunt.

498 2166 643 2229 Transeo
672 2165 712 2229 ad
741 2187 837 2228 novas
863 2177 896 2228 et
920 2165 1043 2230 inaudit
1031 2178 1077 2230 tas
1101 2166 1268 2232 decretalis
1293 2170 1407 2256 synodi

427 2342 440 2351 ,Ι
454 2265 734 2360 subscriptrones‚
725 2288 758 2329 ιιι
774 2262 918 2367 quibus
906 2290 947 2331 ex
966 2267 1185 2354 episcoporum
1201 2270 1330 2336 delectu
1346 2294 1406 2357 pro

454 2371 500 2436 eis
524 2370 656 2434 comites
684 2357 941 2447 admittuntur,
933 2393 966 2433 ιιι
990 2371 1107 2457 quibus
1131 2371 1178 2436 illi
1207 2374 1405 2460 praecipuam

453 2472 513 2537 sibi
543 2472 714 2536 vendicant
750 2471 971 2535 auctoritatem
1001 2473 1228 2559 episcopalium
1266 2476 1404 2553 sedium,

452 2597 587 2661 quarum
609 2585 665 2639 aut
689 2573 777 2638 nulla
798 2586 923 2638 estant
945 2573 1059 2638 electio
1081 2575 1258 2660 reprobata.
1280 2580 1405 2690 Regi-

452 2676 565 2771 ualdus
579 2676 665 2763 enirn
685 2673 921 2740 cancellarius
912 2675 1112 2762 rmperatoris
1127 2700 1160 2741 se
1177 2658 1403 2745 Coloniensem

417 2776 429 2785 ⁰
450 2762 548 2864 gessit
570 2759 854 2870 archiepiscopum,
879 2799 979 2866 quum
1003 2790 1126 2842 certum
1149 2779 1190 2843 sit
1212 2775 1404 2848 electionem

432 2890 435 2895 ’
450 2882 518 2967 ejus
533 2906 552 2947 a
567 2888 714 2948 Romano
734 2880 896 2967 pontifice,
917 2880 1012 2973 beato
1030 2880 1182 2958 Adriano,
1199 2879 1293 2976 fnisse
1313 2882 1406 2948 dam.

420 2980 424 2985 ’
448 2997 568 3055 natam,
586 2980 645 3048 nec
660 2985 753 3049 video
775 3005 884 3069 quare,
900 3004 1000 3068 quum
1024 2964 1241 3082 episcopatum
1265 2985 1402 3064 ambiat,

425 3104 428 3108 '
449 3112 469 3152 a
492 3087 622 3150 Victore
646 3108 703 3150 suo
727 3079 885 3148 distulerit
911 3085 1097 3165 consecrari,
1118 3085 1178 3149 nisi
1201 3085 1276 3171 quia
1297 3087 1405 3152 immi-

447 3203 577 3255 nentem
593 3189 717 3253 rninam
733 3187 835 3252 timet
882 3188 990 3252 Guido
1006 3211 1112 3252 comes
1127 3188 1167 3251 de
1185 3189 1402 3270 Plauderada,

447 3292 643 3358 Ravennatis
666 3289 892 3375 archiepiscopi
912 3291 1072 3375 supplevit
1086 3291 1199 3368 vicem,
1216 3313 1314 3377 quum
1340 3316 1401 3358 nec

446 3394 530 3457 lilius
553 3415 639 3469 suus,
666 3392 756 3478 cujus
785 3392 899 3456 electio
929 3405 1075 3479 quassata
1104 3406 1162 3476 est,
1191 3393 1266 3457 licet
1295 3393 1402 3460 bouus

441 3495 570 3582 juvenis
599 3496 648 3570 sit,
679 3495 784 3560 adhuc
815 3496 882 3559 vice
913 3495 1141 3581 archiepiscopi
1172 3495 1262 3580 fungi
1291 3496 1401 3580 possit.

448 3598 510 3664 Cui
530 3621 593 3663 non
616 3598 686 3661 haec
708 3597 841 3662 ridicula
867 3597 1059 3662 videantur?
1100 3601 1216 3663 Scenae
1236 3598 1402 3664 theatralis

445 3701 729 3787 haecspeciesest,
752 3700 973 3785 potiusquam
1000 3700 1166 3763 reverendi
1192 3700 1298 3782 imago
1322 3722 1401 3764 con-

444 3803 517 3871 cilii.
550 3803 648 3880 Quid,
666 3803 751 3888 quod
768 3824 938 3885 regnorum
954 3811 987 3864 et
1002 3801 1234 3886 provinciarum
1251 3822 1399 3883 magnus,

443 3905 539 3970 falsus
560 3917 679 3984 tamen,
694 3903 846 3968 collectus
866 3916 915 3967 est
934 3924 1096 3980 numerus,
1113 3914 1149 3965 ut
1169 3900 1398 3984 subscriptores

443 4007 493 4069 isti
508 4007 634 4089 ignaros
649 4029 754 4069 rerum
773 4028 881 4069 secum
898 4004 1021 4069 facilius
1040 4004 1074 4067 in
1096 4003 1309 4089 praecipitium
1331 4014 1397 4067 tra·

444 4106 542 4171 hant?
567 4106 648 4179 Quis
663 4105 703 4168 ad
718 4106 804 4169 illius
819 4105 944 4169 concilii
960 4117 1078 4170 statuta
1093 4118 1269 4182 moveatur,
1285 4103 1340 4167 ubi

546 4269 652 4278 —-
664 4239 756 4290 sedere
769 4245 856 4310 patres
868 4257 973 4292 censere
986 4243 1077 4312 parati,

549 4325 577 4375 Si
588 4341 706 4390 regnum,
719 4326 741 4375 si
753 4325 851 4394 templa
863 4331 945 4396 petat,
955 4327 1125 4395 jugulumque
1138 4331 1254 4389 senatus,

548 4411 725 4480 Passurasque
738 4409 843 4464 infanda
855 4429 943 4464 nurus.
