3667 5475
437 783 499 844 288
694 797 832 841 torturus
848 796 1127 841 sanusauaueusu
1300 779 1344 858 [A.
1358 799 1386 841 n.

434 949 548 1022 nostis,
565 959 600 1010 ut
613 944 764 1010 honestas
786 969 915 1031 precum
940 949 981 1011 sit
1002 947 1209 1024 moderatrix,
1227 960 1258 1011 et
1279 949 1313 1010 in
1337 949 1387 1011 his

435 1049 603 1112 dumtaxat
617 1048 786 1110 audiantur
797 1050 903 1122 amici,
917 1049 1034 1132 quibus
1047 1050 1102 1111 illa
1114 1069 1179 1110 non
1193 1049 1386 1113 adversatur.

435 1150 617 1214 Praescribit
645 1150 730 1211 enim
760 1151 851 1224 ratio,
881 1173 922 1213 ne
948 1172 988 1213 ex
1020 1172 1115 1213 causa
1146 1150 1297 1212 amicitiae
1327 1151 1387 1213 illi-

435 1252 500 1314 cita
520 1261 678 1334 petantur,
694 1263 749 1315 aut
772 1252 860 1314 fiant.
905 1253 989 1324 Quia
1005 1272 1080 1334 ergo
1095 1250 1272 1315 amicorum
1288 1252 1391 1331 gratia

435 1354 570 1417 amicum
586 1352 672 1437 apud
688 1364 808 1435 patrem
831 1364 864 1415 et
882 1352 1060 1416 Dominum
1077 1353 1303 1416 commendare
1318 1372 1387 1415 sus·

434 1453 517 1535 cepi,
538 1473 660 1537 precor,
676 1466 711 1516 ut
732 1449 1001 1536 contemplatione
1025 1453 1169 1528 Domini,
1192 1463 1224 1515 et
1244 1472 1386 1514 mearum

433 1555 614 1617 interventu
629 1575 772 1637 precum,
787 1575 869 1632 eum,
887 1554 913 1616 si
930 1553 1108 1636 expetierit,
1123 1552 1272 1628 audiatis,
1286 1554 1322 1614 iu
1337 1554 1387 1615 his

434 1677 506 1739 quae
521 1655 704 1718 necessitati
721 1655 789 1737 ejus
804 1665 837 1717 et
851 1654 1013 1717 honestati
1025 1666 1135 1716 vestrae
1152 1654 1302 1715 discretio
1320 1653 1386 1716 dic-

434 1759 547 1823 taverit
557 1757 720 1840 expedire.
747 1758 793 1818 Et
807 1756 834 1818 si
847 1757 925 1818 forte
938 1777 1011 1818 eum
1023 1755 1063 1817 de
1076 1755 1275 1817 conscientia
1284 1764 1388 1817 restra

433 1860 475 1923 ad
497 1880 558 1922 nos
582 1857 684 1920 redire
710 1857 890 1938 contigerit,
914 1878 965 1919 me
988 1877 1084 1938 super
1106 1867 1190 1918 statu
1214 1867 1332 1933 vestro,
1354 1867 1385 1918 et

434 1959 885 2039 amicorum,acceptissaltem
895 1955 1096 2040 publicorum
1107 1954 1387 2019 rumorumlitteris

433 2060 550 2140 poterit
570 2058 747 2120 certiorare.
792 2057 843 2118 De
864 2077 937 2119 meo
953 2068 1057 2118 autem
1079 2066 1163 2119 statu
1183 2056 1224 2118 ad
1246 2078 1386 2138 praesens

431 2158 558 2240 parcius
570 2157 687 2230 scrib0,
700 2177 764 2217 non
776 2156 853 2238 quia
870 2156 991 2238 aliquid
1004 2176 1145 2218 meorum
1158 2177 1177 2216 a
1186 2156 1279 2218 robis
1290 2158 1383 2219 velim

432 2277 501 2320 esse
517 2256 753 2331 absconditum,
766 2255 823 2317 sed
839 2256 915 2336 quia
932 2258 1039 2318 recolo
1056 2277 1106 2317 me
1128 2276 1185 2337 per
1207 2256 1383 2319 Falconem

432 2357 612 2440 nuperrime
627 2356 736 2418 omnia
750 2357 934 2439 plenissime
950 2357 1124 2419 nuntiasse.
1163 2357 1292 2419 Namsi
1307 2357 1386 2440 quid

432 2456 688 2540 deeratpaginae,
698 2458 857 2538 grandiori
868 2459 1034 2541 portitoris
1045 2457 1161 2533 officio,
1171 2467 1202 2519 et
1212 2456 1386 2537 diligentia,

432 2570 517 2623 ratus
532 2581 601 2623 sum
617 2581 687 2622 esse
704 2559 928 2643 supplendum.

475 2659 571 2732 Quod
586 2658 628 2722 ad
643 2659 811 2742 publicum
827 2679 897 2719 vero
913 2668 1041 2732 statum,
1058 2658 1128 2720 haec
1144 2668 1257 2741 postea
1272 2660 1385 2720 multo·

431 2785 501 2825 rum
516 2761 688 2825 assertione
705 2761 834 2842 vulgata
849 2771 923 2822 sunt
938 2759 1125 2839 Anglorum,
1136 2759 1262 2822 scilicet
1277 2781 1386 2822 omnes

432 2864 603 2946 episcopos
618 2883 659 2922 ex
674 2860 826 2923 mandato
840 2860 925 2939 regis
941 2861 1139 2934 convenisse,
1155 2873 1187 2922 et
1201 2881 1241 2921 ne
1261 2871 1386 2923 senten-

431 2965 485 3040 tia,
508 2984 603 3045 quam
626 2961 773 3024 dominus
796 2983 881 3044 papa
903 2961 1088 3035 dictaverat,
1111 2963 1219 3023 locum
1242 2963 1382 3038 haberet,

431 3063 610 3146 appellasse
644 3073 754 3123 contra
791 3061 1067 3143 archiepiscopum
1100 3083 1203 3136 suum,
1234 3063 1291 3144 qui
1328 3083 1385 3144 pro

431 3166 533 3228 salute
548 3185 656 3226 eorum
673 3175 703 3226 et
718 3165 863 3226 libertate
880 3163 1040 3225 Ecclesiae
1054 3162 1222 3225 facultates
1234 3164 1386 3246 permittit

430 3265 620 3345 raptoribus,
650 3265 806 3324 fortunam
836 3264 1001 3344 periculis,
1031 3266 1145 3326 sauram
1176 3264 1329 3340 ludibrio,
1354 3276 1385 3326 et

431 3375 528 3445 caput
541 3364 709 3424 hostilibus
724 3362 850 3442 gladiis,
865 3365 892 3425 si
907 3387 958 3427 res
973 3367 1124 3446 exegerit,
1142 3366 1303 3448 objectare
1319 3386 1383 3427 non

431 3466 527 3539 dolet,
542 3485 606 3525 non
623 3464 782 3540 formidat,
798 3486 864 3527 non
880 3468 1051 3544 erubescit,
1066 3479 1120 3529 aut
1137 3467 1232 3529 timet.
1282 3470 1385 3530 Vene-

430 3577 504 3628 runt
518 3566 559 3628 ad
583 3588 656 3628 cum
671 3587 773 3648 nuper
795 3566 905 3628 clerici
930 3565 1004 3643 duo,
1020 3569 1102 3629 sicut
1122 3568 1199 3629 mihi
1222 3590 1281 3650 pro
1297 3579 1383 3631 certo

430 3667 563 3751 ralatum
590 3676 647 3742 est,
674 3667 714 3726 ab
741 3686 779 3727 eo
806 3665 861 3747 qui
887 3680 963 3726 tunc
995 3677 1061 3728 erat
1090 3668 1283 3743 Pontiniaci,
1313 3670 1382 3730 haec

430 3768 642 3850 publicantes,
665 3776 698 3829 et
724 3768 942 3850 appellantes:
973 3789 1055 3830 unus
1078 3790 1121 3830 ex
1147 3779 1235 3851 parte
1263 3767 1381 3829 domini

430 3868 690 3944 saresberiensis
710 3869 789 3929 alter
810 3890 852 3930 ex
875 3880 964 3948 parte
987 3867 1102 3931 decani
1126 3869 1186 3945 sui,
1206 3867 1381 3934 inficiantis

429 3970 560 4031 omnino
572 3992 605 4031 se
614 3970 830 4052 juramentum
848 3969 977 4050 aliquod
995 3969 1179 4051 praestitisse
1192 3968 1381 4053 imperatori,

430 4069 478 4128 vel
492 4070 673 4147 Reginaldo
690 4069 874 4132 Coloniensi
891 4070 1096 4132 schismatico
1116 4072 1149 4131 in
1172 4072 1280 4152 aliquo
1296 4089 1380 4130 com-

410 4155 619 4230 municasse.
664 4168 756 4229 Idem
777 4173 871 4233 etiam
895 4171 1054 4233 confitens
1075 4194 1108 4233 se
1126 4172 1275 4233 clericum
1292 4169 1380 4231 sarni·

427 4268 535 4330 liarem
552 4266 592 4328 de
607 4289 717 4329 mensa
732 4269 877 4348 Magistri
893 4273 1028 4334 Joannis
1040 4273 1079 4334 de
1096 4272 1312 4335 Oxenefordia
1327 4271 1381 4353 qui

429 4368 563 4431 clericus
577 4368 660 4449 regis
675 4378 730 4444 est,
747 4392 780 4431 se
796 4371 880 4448 regis
896 4371 937 4433 ad
956 4374 1233 4454 archiepiscopum
1250 4374 1379 4434 verbum
