3667 5475
474 781 536 841 lto
730 790 865 836 roannrs
879 788 1159 835 sxnssusmsusrs
1329 775 1375 854 [Α.
1392 794 1424 839 n.

470 940 635 1024 illustrari,
649 942 703 1006 sed
719 941 931 1029 proculdubio
946 940 1049 1026 majus
1064 956 1112 1005 cst
1127 940 1253 1006 eosdem
1266 944 1424 1009 virtutum

471 1046 573 1112 titulis
595 1043 775 1130 promereri.
810 1042 907 1106 Undc
930 1041 987 1128 qui
1011 1043 1140 1106 virtutis
1162 1057 1354 1131 assequutus
1375 1058 1423 1110 est

469 1148 629 1226 meritum,
645 1145 703 1209 etsi
719 1167 823 1209 rerum
846 1143 1012 1229 opulentia
1028 1143 1077 1207 vel
1093 1144 1195 1209 fastus
1217 1168 1279 1209 non
1295 1146 1426 1210 accedat

469 1245 608 1325 honoris,
624 1242 739 1308 collato
755 1256 860 1307 tamen
876 1243 963 1305 bono
977 1240 1073 1307 debet
1089 1265 1154 1306 esse
1171 1259 1360 1310 contentus:
1385 1270 1425 1310 ne

470 1348 498 1412 si
513 1345 708 1433 impatientis
723 1344 921 1408 conscientiae
937 1343 1078 1422 stimulo,
1091 1346 1183 1430 quasi
1199 1344 1324 1431 injuria,
1337 1371 1423 1412 mur-

469 1451 656 1524 muraverit,
673 1446 755 1510 vicio
776 1442 1025 1529 ingratitudinis,
1041 1443 1102 1508 hoc
1119 1447 1189 1531 ipso
1204 1447 1290 1532 quod
1307 1449 1424 1514 habere

392 1615 396 1623 ,
469 1547 556 1614 risus
577 1562 624 1613 est
648 1571 681 1612 se
698 1545 808 1610 iecisse
827 1544 974 1609 videatur
995 1545 1172 1630 indignum.
1219 1549 1264 1613 Et
1288 1551 1422 1627 utinam,

469 1648 495 1714 si
517 1650 698 1714 studiorum
721 1646 886 1731 praemium
909 1668 971 1710 non
995 1650 1204 1733 assequimur,
1226 1650 1335 1714 saltem
1359 1674 1422 1716 non

467 1749 680 1816 destituamur
694 1761 725 1812 et
742 1746 863 1811 merito.
909 1747 982 1810 Non
1007 1759 1111 1811 tamen
1132 1748 1200 1815 haec
1216 1750 1335 1815 idcirco
1350 1774 1423 1838 pro-

468 1875 563 1940 pono,
588 1850 676 1938 quod
702 1873 722 1914 a
748 1848 829 1913 senis
853 1847 952 1913 nostri
976 1848 1154 1914 eruditione
1180 1852 1335 1929 recedam,
1360 1855 1424 1935 cui,

469 1953 608 2019 Domino
631 1951 778 2029 faciente,
806 1963 875 2015 tota
895 1950 1061 2037 vigilantia
1086 1954 1199 2018 mentis
1223 1968 1256 2019 et
1282 1956 1424 2042 corporis

467 2052 753 2139 obtemperandum
769 2075 836 2116 esse
851 2051 998 2118 decrevi:
1024 2053 1110 2139 quod
1127 2054 1422 2140 pusillanimitatem

467 2153 598 2239 spiritus
625 2152 787 2229 veremini,
813 2164 846 2216 et
876 2152 1023 2217 timorem
1050 2154 1170 2219 timetis
1193 2156 1422 2242 suspicionum,

468 2253 643 2340 prudenter
658 2252 789 2336 quidem
804 2253 908 2318 facitis
929 2267 961 2319 et
982 2255 1088 2321 amice.
1138 2258 1209 2321 Non
1225 2262 1307 2323 enim
1325 2261 1422 2323 Pom·

466 2352 550 2440 peio,
576 2365 633 2417 aut
659 2374 696 2416 eo
724 2351 781 2437 qui
806 2351 913 2438 ipsum
939 2352 1025 2433 vicit,
1053 2358 1164 2442 major,
1190 2372 1246 2423 aut
1270 2361 1423 2445 Augusto

467 2453 667 2540 prudentior,
698 2453 851 2520 Cicerone
888 2468 945 2519 aut
983 2456 1123 2521 Curione
1159 2459 1307 2525 disertior
1336 2484 1421 2539 sum,

466 2556 585 2643 quibus
600 2568 758 2642 quantum
782 2555 967 2640 suspicionis
981 2580 1060 2622 aura
1079 2561 1235 2638 nocuerit,
1252 2585 1307 2626 vos
1322 2562 1420 2628 bisto-

465 2659 585 2723 riarum
608 2659 704 2722 series
726 2658 802 2722 trita
828 2656 1005 2743 perdocuit.
1058 2661 1165 2725 Taceo
1190 2664 1278 2750 quod
1305 2666 1421 2730 totiens

464 2760 615 2826 rictorem
650 2761 864 2826 Machabeum
895 2775 969 2825 ante
999 2763 1129 2849 fregerit
1164 2765 1419 2852 pusillanimitas,

467 2886 565 2946 quam
581 2866 725 2950 gentium
743 2863 910 2928 fortitudo.
936 2864 1033 2929 Unde
1045 2881 1179 2945 constat,
1193 2869 1279 2954 quod
1291 2869 1418 2934 illorum

464 2967 619 3052 impetum
635 2989 654 3030 a
670 2989 719 3028 me
740 2966 895 3030 sustinere
919 2989 980 3029 non
1004 2980 1128 3053 potero,
1146 2969 1271 3034 nisime
1291 2972 1418 3036 interim

464 3069 582 3145 foveat,
592 3068 648 3153 qui
662 3067 801 3152 protegit
814 3067 972 3130 bominem
986 3091 1004 3131 a
1018 3068 1279 3154 pusillanimitate
1290 3073 1418 3157 spiritus

464 3183 495 3233 et
518 3181 723 3254 tempestate:
754 3167 785 3229 in
812 3166 897 3232 illius
923 3184 1032 3234 autern
1057 3171 1174 3237 virtute
1200 3196 1262 3237 non
1287 3174 1417 3250 timebo,

464 3270 543 3355 quid
566 3271 707 3334 exterius
730 3267 852 3353 ingerat
876 3270 982 3347 homo,
1005 3282 1063 3335 aut
1084 3273 1217 3339 interius
1239 3289 1417 3341 murmuret

463 3394 546 3435 caro.
607 3372 766 3434 Caeterum
799 3393 901 3456 equus
939 3374 1115 3458 quamlibet
1148 3376 1238 3441 velox
1276 3392 1416 3443 cessante

465 3468 595 3536 stimulo
610 3471 645 3534 fit
663 3469 793 3547 tardior,
809 3484 841 3535 et
859 3486 892 3535 ut
911 3473 955 3538 ait
971 3475 1114 3560 quidam,

603 3664 709 3674 -—-
721 3642 884 3707 corrumpunt
895 3638 951 3689 ocia
962 3646 1085 3703 mentem,

603 3720 640 3771 Et
651 3721 755 3791 capiunt
767 3720 859 3774 vitium
870 3724 897 3773 ni
909 3730 1061 3777 moveantur
1072 3742 1145 3794 aquae
1156 3746 1161 3777 :

461 3859 505 3922 sic
531 3870 563 3921 et
587 3879 675 3920 mens
705 3880 785 3934 mea,
809 3882 884 3943 quae
911 3860 958 3924 sui
985 3861 1076 3938 vicio,
1105 3885 1144 3925 nc
1168 3864 1269 3928 dicam
1289 3879 1414 3945 natura,

461 3958 557 4021 hebes
586 3976 645 4033 est,
672 3957 812 4023 innatam
843 3961 1002 4046 ignaviam
1035 3986 1096 4027 non
1124 3966 1273 4052 deponet,
1302 3967 1327 4030 si
1351 3990 1413 4031 non

461 4058 602 4122 crebrius
617 4058 873 4124 exhortationum
896 4063 1015 4127 aculeis
1035 4067 1204 4133 excitetur.
1250 4070 1323 4133 Erit
1338 4092 1415 4152 ergo

460 4157 626 4223 industriae
637 4156 853 4243 etdiligentiae
864 4166 1414 4253 vestraefrequentiussomnolentiae

460 4283 538 4324 meae
554 4273 711 4342 torporem
735 4274 893 4343 excutere,
909 4281 945 4329 ut
971 4288 1065 4352 quem
1091 4271 1129 4334 ad
1152 4273 1231 4336 bene
1253 4273 1412 4359 agendum

460 4383 522 4426 non
546 4359 687 4445 propria,
716 4359 826 4424 saltem
852 4363 955 4431 virtus
982 4372 1132 4437 accendat
1164 4375 1285 4438 aliena:
1318 4375 1348 4437 in
1376 4398 1413 4437 eo
