3667 5475
432 762 475 823 58
682 772 820 819 rotenus
834 770 1110 816 srsssnsmnusrs
1287 754 1336 828 [r.
1354 769 1385 814 o.

433 930 550 993 Ratsm
565 925 690 1002 habete,
706 925 731 988 si
747 923 862 1010 placet,
878 921 1117 1008 dispositionem
1135 943 1250 999 meam,
1264 934 1299 986 et
1314 943 1389 990 sam

431 1026 621 1095 transmissis
636 1025 676 1090 sd
691 1024 839 1091 officiales
849 1034 971 1089 vestros
985 1023 1171 1110 patentibus
1182 1022 1298 1088 litteris
1312 1047 1389 1089 con.

430 1130 565 1197 firmate.
610 1129 726 1215 Neque
754 1128 838 1193 enim
868 1127 1040 1213 quicquam
1063 1124 1133 1189 auri
1162 1139 1307 1212 superest
1339 1126 1389 1194 vel

432 1234 569 1319 argenti,
590 1230 646 1295 sed
668 1229 817 1295 victualia
836 1241 964 1294 tantum
986 1242 1019 1293 et
1034 1250 1108 1313 quoe
1130 1249 1247 1312 magno
1268 1226 1391 1292 damno

433 1347 583 1421 poterunt
598 1357 664 1398 esse
680 1337 793 1397 amissa
808 1329 1018 1418 pauperibus,
1033 1343 1066 1395 et
1081 1330 1172 1396 vobis
1187 1328 1278 1396 nullo
1291 1341 1391 1397 erunt

431 1437 655 1518 emolumento,
670 1435 721 1501 vel
736 1434 875 1501 minimo.

477 1631 719 1699 EPISTOLA
745 1630 908 1695 LV.-rn
923 1646 1116 1693 uerri-mnu
1134 1647 1225 1695 sorr.
1241 1648 1348 1698 susc.

669 1777 807 1838 Walters
819 1772 964 1859 Roffensi
977 1771 1146 1855 Episcopo.

479 1922 663 1986 Gnevrrun
690 1915 822 1980 offendit
845 1916 878 1979 in
903 1908 1080 1992 Christum,
1110 1915 1162 1979 cui
1187 1913 1220 1979 in
1249 1915 1390 1983 fratrum

435 2022 558 2087 unitate
572 2018 803 2084 amoenissimus
824 2018 930 2082 factus
945 2030 993 2082 est
1017 2017 1117 2093 locus,
1139 2016 1195 2103 qui
1211 2041 1249 2081 ea
1263 2041 1341 2106 quae
1355 2018 1389 2085 in

435 2123 531 2188 domo
552 2123 622 2208 ejus
644 2121 685 2185 ad
707 2140 815 2205 pacem
836 2120 1028 2196 factasunt,
1049 2120 1165 2184 nititur
1185 2123 1387 2207 perturbare.

435 2224 504 2288 Nos
522 2235 629 2287 autem
650 2222 889 2289 Cantuariensis
910 2220 1049 2286 ecclesiae
1073 2244 1196 2307 semper
1216 2221 1390 2290 dileximus

436 2346 556 2411 pacem,
579 2336 611 2390 et
634 2325 775 2389 Domino
796 2324 947 2411 propitio,
970 2325 1062 2389 nobis
1076 2323 1108 2388 in
1131 2323 1245 2389 fratres
1264 2340 1391 2392 nostros

382 2501 384 2504 .
438 2426 578 2490 caritatis
588 2425 620 2491 in
633 2425 701 2490 dies
710 2426 845 2511 profecit
857 2427 1000 2506 affectus,
1012 2440 1043 2489 et
1055 2426 1096 2489 ab
1106 2426 1150 2490 eis
1161 2438 1233 2514 post
1246 2439 1392 2515 tempora
1440 2506 1442 2510 .

439 2540 682 2593 nostraomnem
692 2527 812 2592 auferri
823 2527 972 2614 cupimus
983 2527 1145 2593 materiam
1157 2528 1392 2597 scandalorum.

438 2629 493 2693 Ex
514 2640 624 2693 nostra
645 2626 755 2715 itaque
784 2628 975 2693 conscientia
1005 2628 1133 2693 idoneos
1156 2652 1214 2716 pro
1236 2627 1391 2695 facultate

437 2730 585 2798 custodes
599 2731 800 2819 praefecimus
814 2730 930 2808 ordini,
946 2743 978 2796 et
993 2753 1132 2819 quorum
1147 2730 1322 2796 ministerio
1334 2753 1392 2820 per

438 2824 572 2921 gratiam
590 2835 723 2902 Domini
740 2836 809 2923 jam
823 2835 913 2899 annis
936 2833 1083 2921 pluribus
1098 2832 1209 2920 religio
1231 2835 1390 2921 profecit:

438 2950 471 3003 et
485 2941 671 3004 extrinsecae
690 2936 923 3001 administratio
942 2935 1145 3022 possessionis
1167 2936 1260 3001 solito
1282 2935 1391 3002 lauda·

440 3039 580 3104 dabilius
593 3051 764 3126 procurata
780 3053 837 3121 est.
868 3039 962 3116 Quod
978 3061 1054 3122 ergo
1076 3038 1256 3115 statuimus,
1280 3052 1389 3104 aucto·
1439 3065 1444 3075 ·

440 3141 534 3205 ritate
549 3161 615 3225 qua
625 3138 790 3222 fungimur
802 3161 927 3203 manere
943 3140 1145 3228 praecipimus
1159 3142 1392 3225 inconvulsum,

440 3256 472 3329 et
487 3243 608 3329 priores
623 3241 722 3304 amori
738 3240 869 3306 utilitati
883 3243 1083 3307 subditorum
1099 3243 1253 3321 insistere,
1270 3256 1302 3308 et
1318 3245 1393 3310 sub-

441 3344 528 3408 ditos
549 3342 581 3404 iu
604 3338 690 3405 omni
712 3342 893 3407 humilitate
915 3357 947 3408 et
970 3345 1155 3424 reverentia,
1177 3344 1242 3410 suis
1262 3346 1392 3411 obedire

441 3443 594 3532 praelatis.
616 3443 797 3509 Walterum
809 3468 949 3532 quoque,
962 3469 1054 3531 quem
1066 3447 1108 3509 ob
1120 3470 1210 3511 susm
1221 3470 1284 3511 non
1297 3451 1394 3512 eecle-

443 3546 498 3613 siae
512 3546 651 3633 culpam,
667 3569 686 3610 a
700 3547 843 3632 prioratu
859 3548 1048 3626 amovimus,
1058 3549 1208 3614 abofficio
1219 3550 1391 3637 prioratus,

440 3661 472 3715 et
488 3647 719 3733 subprioratus,
728 3661 760 3712 et
772 3647 858 3712 omni
869 3648 1067 3734 proelatione,
1076 3647 1208 3727 ordinis,
1218 3650 1249 3713 in
1261 3649 1391 3714 ecclesia

441 3750 662 3818 Cantuariensi
677 3750 709 3813 in
726 3763 917 3836 perpetuum
934 3750 1169 3829 submovemus,
1189 3751 1392 3836 indulgentes

441 3867 546 3919 tamen
568 3853 608 3932 ei,
632 3852 657 3916 si
679 3852 828 3938 pacificus
850 3852 958 3928 fuerit,
973 3853 1168 3917 consortium
1190 3855 1337 3935 fratrum,
1358 3866 1392 3919 et

440 3955 707 4019 cohabitationem
728 3953 965 4020 Cantuarieusis
980 3954 1137 4019 ecclesiae:
1161 3967 1192 4020 et
1208 3955 1234 4019 si
1250 3955 1394 4020 laudabi-

441 4053 514 4117 liter
536 4077 569 4116 se
590 4054 737 4139 privatus
758 4053 921 4132 babuerit,
936 4078 1009 4119 eum
1032 4054 1073 4118 ad
1095 4055 1173 4120 alius
1194 4055 1393 4121 obedientias

441 4152 580 4216 ecclesiae
593 4167 721 4229 nostrae,
733 4155 783 4216 vel
795 4156 834 4218 ad
845 4156 975 4221 alterius
985 4157 1123 4222 ecclesias
1135 4158 1275 4242 regimen
1286 4180 1393 4221 ascen·

442 4255 517 4319 dere
529 4276 590 4318 uon
602 4266 758 4333 vetamus,
767 4254 844 4346 dum
856 4257 895 4320 ad
913 4259 1088 4343 prioratum
1099 4273 1130 4325 et
1143 4255 1392 4346 subprioratum,

443 4370 475 4422 et
484 4355 850 4421 caeterasclavesordinis
860 4358 1044 4425 interdictas
1056 4385 1256 4449 nequequam
1264 4362 1393 4449 aspiret.
