3667 5475
703 819 840 865 ioannis
854 815 1130 862 sinesaemousn
1304 799 1350 879 [A.
1367 811 1398 860 n.

604 1067 826 1133 EPISTOLA
850 1066 1069 1128 XVlll.-ao
1088 1080 1240 1126 eunoun.

519 1226 568 1268 Χ
789 1226 938 1290 Adriano
953 1225 1061 1307 Popoe.

487 1366 590 1443 Qoun
613 1362 694 1427 inter
712 1358 848 1447 priorem
873 1358 914 1421 de
931 1357 1150 1436 pritelewella,
1167 1371 1199 1423 et
1221 1358 1407 1424 Robertum

446 1463 604 1553 quendam
622 1459 835 1527 controversia
848 1482 943 1545 super
958 1460 1087 1525 ecclesia
1102 1460 1143 1523 de
1155 1460 1411 1545 wacheringiis,

401 1596 411 1609 ·
444 1567 583 1655 qtradam
604 1564 790 1640 collusione,
807 1576 844 1627 ut
866 1564 1031 1627 decadem
1058 1562 1190 1626 ecclesia
1204 1562 1348 1629 Ricardo
1368 1563 1410 1627 de

444 1668 550 1735 Ambli
576 1665 796 1753 praejudicium
820 1663 922 1743 fieret,
944 1676 1134 1739 verteretur,
1158 1663 1288 1727 absente
1310 1687 1350 1727 eo
1374 1677 1408 1729 et

428 1794 507 1836 ·non
530 1771 640 1850 citato,
655 1763 812 1833 Ricardus
835 1764 875 1827 de
891 1764 1011 1842 Ambli,
1028 1765 1083 1850 qui
1104 1764 1248 1848 praeintoe
1267 1765 1410 1830 ecclesiae

445 1871 550 1936 iuerat
578 1886 748 1955 possessor,
769 1887 827 1951 per
852 1863 995 1951 ejusdem
1024 1864 1139 1951 prioris
1163 1866 1410 1944 concessionem,

445 1967 691 2035 reclamantibus
706 1964 901 2051 quibusdam
924 1964 1045 2029 clericis
1068 1965 1211 2045 Ricardi,
1225 1964 1344 2030 iterum
1362 1981 1411 2032 at·

446 2093 511 2157 que
521 2070 639 2133 iterum·
649 2066 821 2131 absentiam
834 2067 915 2151 ejus,
925 2066 1200 2151 protendentibus
1212 2081 1243 2132 et
1257 2091 1332 2131 eum
1346 2089 1410 2133 non

448 2172 580 2235 citatum
605 2168 841 2253 objicientibus,
862 2167 1011 2229 dominus
1035 2168 1274 2248 Londoniensis‚
1294 2170 1412 2235 nihilo.

447 2272 556 2336 minus
570 2294 630 2357 pro
643 2269 781 2335 Ricardo
797 2268 987 2334 sententiam
1000 2269 1075 2333 tulit
1088 2270 1241 2334 adversus
1255 2272 1410 2357 priorem,

447 2372 503 2461 qui
522 2373 565 2436 sic
588 2372 669 2438 vinci
686 2371 850 2436 victoriam
876 2371 1046 2458 reputavit.
1093 2372 1220 2436 Deinde
1236 2396 1339 2458 quum
1352 2376 1411 2438 'in-

449 2472 624 2539 continenti
634 2470 718 2535 sacta
727 2470 1104 2558 appellatione,aclericis
1114 2471 1244 2537 Ricardi
1253 2473 1411 2539 deAmbli

450 2576 490 2641 ad
503 2588 642 2639 nostram
656 2572 870 2659 praesentiam,
882 2570 1030 2635 dominus
1043 2572 1274 2636 Londoniensis
1287 2588 1412 2639 senten·

450 2674 890 2760 tiamsuam‚missoquodam
899 2672 1412 2751 sacerdoteWillelmo,niteretur

452 2781 630 2848 executioni
662 2777 824 2854 mandare,
850 2773 955 2837 clerici
983 2775 1114 2840 Ricardi
1139 2775 1317 2841 Robertum
1347 2800 1412 2841 non

450 2884 658 2958 admiserunt,
671 2902 729 2943 nec
740 2878 891 2964 injuriose
902 2875 1099 2956 restiterunt,
1112 2877 1193 2941 sicut
1204 2879 1410 2964 postmodum

451 2985 594 3050 sacerdos
616 2983 777 3046 confessus
799 2994 859 3054 est,
882 2978 938 3044 sed
963 2979 1216 3043 adversariorum
1239 3003 1355 3045 manus
1379 2981 1425 3057 ui¹

452 3082 703 3150 moderatissima
714 3079 908 3165 repulerunt.
935 3079 1150 3151 Quamobrem
1163 3080 1312 3146 dominus
1326 3081 1412 3144 Lon-

451 3181 620 3256 doniensis,
650 3179 761 3243 audita
791 3179 989 3264 querimonia
1021 3180 1176 3254 Roberti,
1197 3181 1285 3266 quod
1317 3181 1349 3244 in
1376 3205 1409 3262 se

452 3307 565 3349 manus
595 3281 748 3346 violentos
777 3278 882 3344 clerici
913 3280 953 3343 de
982 3280 1101 3366 Ambly
1131 3281 1324 3367 injecissent,
1353 3307 1410 3347 eos

453 3383 658 3449 denunciavit
678 3383 988 3454 excommunicatum
1015 3383 1057 3446 G.
1074 3383 1191 3447 scilicet
1207 3385 1413 3466 sacerdotem,

453 3491 487 3553 S.
498 3492 537 3553 A.
546 3509 631 3573 quos
641 3485 712 3551 licet
723 3486 820 3570 hujus
830 3483 971 3548 criminis
982 3488 1085 3563 [reos]
1095 3485 1305 3563 crederemus,
1313 3510 1414 3573 saepe·

454 3612 587 3654 numero
610 3588 832 3651 mandavimus
848 3586 977 3650 domino
1001 3586 1232 3651 Londoniensis
1253 3600 1415 3672 quatenns

455 3710 508 3758 eos
531 3715 589 3778 pro
611 3712 672 3753 non
692 3688 972 3753 excommunicatis
994 3687 1136 3768 haberet,
1154 3702 1190 3752 ut
1211 3691 1344 3754 fuerunt
1360 3691 1415 3756 die

455 3793 676 3884 appellationis
699 3792 739 3855 ad
756 3814 813 3856 nos
833 3792 938 3864 factae,
955 3803 1010 3853 aut
1033 3790 1143 3855 saltem
1160 3805 1291 3878 accepto
1312 3815 1416 3856 sacra-

454 3911 562 3964 mento
583 3897 624 3961 ab
647 3894 692 3958 eis
707 3893 796 3980 quod
815 3892 883 3979 juri
906 3905 1066 3977 parerent,
1081 3891 1270 3955 absolveret.
1316 3892 1416 3968 Quod

456 4022 556 4084 quum
581 3999 685 4060 facere
711 3995 899 4073 distulisset,
922 3994 963 4057 ab
985 3993 1302 4074 eis·sacramentum,
1324 3995 1417 4078 quod

451 4099 575 4185 jndicio
589 4096 800 4160 ecclesiastico
814 4111 973 4182 parerent,
987 4096 1180 4182 accepimus,
1192 4097 1243 4161 die
1259 4097 1320 4161 sibi
1332 4121 1418 4184 prae·

456 4199 557 4280 finito,
572 4196 759 4262 adversariis
769 4195 801 4259 in
815 4198 1004 4283 probatione
1016 4199 1247 4276 deficientibus,
1260 4212 1292 4264 et
1304 4200 1417 4265 audita

457 4325 581 4366 reorum
598 4297 798 4387 purgatione,
813 4298 853 4362 ab
870 4298 1000 4385 objecto
1022 4301 1081 4365 sibi
1097 4302 1227 4367 crimine
1243 4325 1297 4366 eos
1312 4301 1418 4366 absol-

457 4407 570 4473 rimus.
