3667 5475
472 785 514 844 92
730 796 866 842 Joxnms
883 796 1162 841 sanasusmaxsrs
1329 779 1375 858 [A.
1394 797 1426 842 n.

470 948 600 1014 dinibus
611 972 677 1013 esse
687 962 861 1012 contentos.
887 949 977 1011 Sicut
989 963 1094 1012 autem
1110 947 1225 1010 iterata
1236 946 1425 1011 clericorum

470 1050 511 1113 de
541 1049 706 1113 Dorbisria
734 1047 939 1112 lacrimabilis
969 1049 1085 1112 indicat
1120 1046 1330 1133 querimonia,
1356 1050 1426 1135 jam

469 1150 575 1215 dictus
598 1150 723 1214 Alanus
743 1150 927 1214 mandatum
950 1163 1091 1215 nostrum
1118 1149 1173 1214 diu
1199 1150 1427 1214 fraudulenter

470 1252 656 1337 suppressit,
671 1252 771 1316 donec
794 1252 859 1336 ipse
877 1264 908 1315 et
930 1251 1099 1337 complices
1121 1252 1170 1314 sui
1194 1274 1282 1315 suam
1306 1250 1337 1314 in
1362 1252 1428 1316 dis-

469 1352 625 1439 positione
640 1376 818 1439 pauperum
834 1353 997 1438 potuerint
1013 1352 1155 1438 explesse
1171 1354 1376 1438 pravitatem,
1393 1371 1427 1417 et

469 1457 560 1542 quasi
589 1478 642 1518 eos
671 1454 711 1518 ad
741 1455 877 1519 vetitum
907 1468 1015 1518 nostra
1041 1454 1215 1540 prohibitio
1240 1459 1425 1532 animasset,

469 1556 653 1622 imminente
669 1557 865 1621 solemnitate
883 1555 1027 1620 Paschali
1045 1556 1235 1634 sacerdotes,
1248 1558 1368 1643 quibus
1384 1581 1424 1622 ex

468 1659 653 1723 necessitate
682 1660 868 1723 sacramenti
900 1681 1025 1721 sacrum
1056 1658 1196 1722 chrisma
1226 1660 1334 1723 deesse
1360 1683 1424 1724 non

468 1774 606 1848 poterat,
627 1761 706 1825 illud
730 1785 834 1826 emere
854 1761 1089 1846 compulerunt.
1135 1760 1230 1838 Quod
1255 1784 1354 1846 quam
1384 1764 1425 1827 sit

469 1864 565 1927 sacris
587 1863 759 1928 canonibus
778 1863 947 1928 adversum
970 1861 1073 1926 fidelis
1095 1864 1185 1926 novit
1206 1863 1347 1944 ecclesia,
1367 1888 1426 1929 nec

468 1967 528 2051 ipsi
545 1979 691 2051 poterant
706 1966 862 2049 ignorare,
872 1988 974 2051 quum
989 1977 1112 2029 constet
1128 1978 1245 2029 sanctae
1261 1967 1425 2030 memoriae

470 2069 648 2132 Gauternm
665 2066 846 2152 episcopum
864 2080 1001 2131 vestrum
1019 2068 1077 2130 hac
1093 2066 1307 2131 venditionem
1323 2068 1423 2132 chris-

469 2169 563 2233 matis
577 2168 665 2254 apud
682 2191 737 2231 vos
759 2170 993 2244 condemnasse,
1009 2184 1041 2234 et
1057 2169 1117 2233 sub
1133 2169 1335 2233 anathemate
1349 2194 1423 2256 pro-

469 2272 625 2345 hibuisse,
641 2294 679 2333 ne
695 2270 827 2335 ulterius
847 2270 1044 2336 distrahatur
1067 2271 1107 2334 ad
1128 2270 1277 2357 pretium.
1324 2272 1423 2335 Unde

470 2372 600 2461 quidam
629 2372 669 2435 ad
699 2395 757 2437 nos
781 2373 942 2437 venientes
971 2372 1161 2449 detulerunt,
1191 2396 1223 2436 se
1249 2396 1268 2435 a
1297 2373 1424 2437 Joanne

469 2474 673 2549 Lexoviensi‚
703 2486 737 2538 et
770 2472 979 2560 complicibus
1010 2475 1074 2544 suis
1109 2472 1292 2558 gravamina
1321 2474 1424 2539 multa

468 2599 643 2663 perpessos
688 2577 827 2655 Quidam
849 2576 944 2642 etiam
967 2589 1150 2662 queruntur
1174 2576 1259 2663 quod
1286 2588 1340 2640 eo's
1364 2598 1424 2661 per

468 2678 711 2767 appellationem
728 2680 769 2744 ad
786 2702 843 2743 nos
854 2679 971 2743 factam
987 2679 1028 2743 ab
1043 2679 1146 2743 officio
1159 2702 1216 2743 suo
1228 2678 1422 2764 suspendere

467 2797 599 2849 conatus
614 2783 665 2849 sit.
711 2784 792 2847 Inde
808 2795 854 2846 est
871 2783 957 2869 quod
982 2780 1163 2846 discretioni
1181 2795 1293 2846 vestrae
1309 2781 1423 2868 praeci-

468 2887 583 2971 piendo
598 2887 795 2961 mandamus
812 2890 965 2970 quatinus
981 2885 1025 2949 rei
1038 2885 1204 2948 veritatem
1219 2883 1423 2948 exactissima

467 2987 632 3073 diligentia
653 2989 843 3073 iniquitatis,
857 3001 889 3052 et
905 2988 930 3051 si
948 2991 990 3051 A.
1006 2987 1127 3052 litteras
1149 2999 1272 3050 nostras
1287 2986 1424 3049 fraudu-

468 3088 568 3152 lenter
584 3089 794 3174 suppressisse
809 3089 998 3169 constiterit‚
1013 3111 1087 3151 eum
1107 3088 1297 3151 auctoritate
1314 3100 1424 3151 nostra

467 3193 507 3253 ab
522 3189 624 3252 officio
639 3189 850 3274 suspendatis,
863 3189 963 3253 donec
974 3191 1064 3255 vobis
1079 3205 1111 3254 et
1127 3190 1266 3253 ecclesiae
1279 3193 1423 3255 Cantua-

468 3288 562 3350 riensi
584 3288 740 3371 condigne
762 3288 942 3351 satisfaciat.
988 3291 1144 3353 ,loannem
1168 3313 1298 3376 quoque
1313 3291 1423 3354 Lexo-

433 3412 434 3415 ’
469 3387 615 3461 viensem,
632 3400 663 3451 et
680 3388 838 3452 ministros
861 3391 1074 3455 archidiaconi
1098 3392 1319 3456 Dorberiensis
1336 3415 1425 3455 com·

468 3489 593 3576 pellatis
612 3494 801 3555 auctoritate
818 3507 922 3556 vestra
944 3493 1110 3558 restituere
1131 3494 1251 3557 clericis
1273 3493 1360 3579 quod
1382 3516 1423 3558 ex

469 3615 579 3679 prava,
607 3616 702 3679 quam
734 3596 956 3677 praemisimus,
982 3596 1227 3671 consuetudine,
1258 3595 1309 3659 vel
1340 3599 1422 3660 sacri

468 3696 644 3761 chrismatis
674 3712 820 3761 execrata
851 3698 1034 3762 venditione
1063 3698 1103 3760 ab
1138 3699 1183 3762 eis
1219 3700 1424 3778 extorserint,

468 3810 637 3884 postquam
664 3823 720 3863 nos
746 3801 827 3862 hanc
850 3800 1024 3885 nequitiam
1049 3799 1340 3863 condemnavimus.
1389 3801 1421 3863 Si

469 3923 542 3963 vcro
572 3901 660 3965 vobis
689 3902 723 3963 in
752 3902 812 3964 hoc
849 3906 1069 3985 obtemperare
1098 3900 1328 3984 neglexerunt3
1369 3924 1422 3964 eos

467 4001 654 4064 auctoritate
678 4015 783 4065 vestra
812 4002 853 4065 ab
882 4003 1016 4066 introitu
1041 4000 1179 4065 ecclesiae
1207 4003 1421 4085 suspendatis,

467 4098 568 4161 donec
582 4100 689 4164 ablata
711 4100 831 4164 clericis
851 4103 1033 4177 restituant,
1049 4117 1080 4167 et
1102 4104 1297 4168 satisfaciant
1320 4104 1421 4168 nobis.

470 4200 502 4263 Si
523 4211 629 4262 autem
653 4201 776 4280 aliquos
798 4215 869 4286 post
893 4203 1136 4287 appellationem
1160 4205 1200 4267 ad
1225 4227 1281 4267 nos
1303 4207 1422 4268 factam

468 4301 660 4386 suspendere
682 4302 955 4386 praesumpserint,
972 4326 1025 4366 eos
1048 4304 1207 4381 relaxetis,
1232 4320 1263 4369 et
1288 4329 1421 4391 suspen·

468 4423 552 4465 sores
575 4401 768 4468 denuntietis
790 4426 808 4466 a
831 4404 921 4466 nobis
942 4427 1007 4468 esse
1029 4430 1195 4491 suspensos
1218 4434 1236 4474 a
1258 4407 1421 4470 liminibus
