3667 5475
440 779 499 838 116
697 791 832 837 Jonnms
849 790 1128 835 saansaunmxsrs
1301 774 1347 853 [s.
1366 790 1397 838 n.

434 942 487 1007 die
510 940 751 1007 consecrationis
769 941 837 1026 jam
860 941 956 1006 dictae
975 940 1114 1004 ecclesiae
1137 940 1301 1005 Radulfus
1326 944 1393 1006 Ro-

434 1042 554 1108 tundus
575 1041 746 1116 obtulerat,
767 1041 916 1129 episcopo
942 1041 1157 1105 Londoniensi
1177 1057 1335 1127 praesente
1357 1059 1391 1109 et

434 1143 643 1230 approbante,
659 1141 719 1205 sibi
741 1145 866 1207 restitui
885 1142 1074 1229 postulavit,
1087 1141 1196 1206 dicens
1218 1166 1251 1208 se
1270 1141 1390 1206 eisdem

433 1244 554 1331 absque
571 1243 696 1331 judicio
711 1242 890 1329 spoliatam,
907 1256 1061 1329 tantoque
1079 1244 1243 1329 jussuum
1262 1244 1391 1310 dicebat

433 1369 500 1410 esse
521 1345 687 1432 liquidius,
710 1359 831 1430 quanto
853 1343 1000 1431 pluribus
1022 1346 1053 1408 in
1081 1344 1195 1409 vicinia
1221 1347 1390 1411 constabat

433 1446 521 1534 quod
555 1448 612 1511 has
642 1444 865 1510 decimationes
894 1444 935 1508 ab
966 1457 1162 1509 antecessore
1192 1445 1325 1510 Martini
1356 1459 1389 1511 et

432 1548 566 1614 ecclesia
581 1547 621 1611 de
634 1546 805 1613 Waltham
829 1546 983 1611 Canonici
1004 1560 1122 1611 sanctae
1137 1546 1304 1611 Trinitatis
1323 1550 1390 1612 evi-

432 1665 551 1716 cerant.
596 1651 701 1728 Quum
719 1672 794 1712 vero
813 1671 908 1712 causa
927 1648 995 1712 haec
1015 1648 1137 1713 diutius
1157 1646 1189 1712 in
1213 1649 1284 1712 foro
1300 1650 1389 1714 Lou-

430 1752 590 1820 doniensia
619 1751 757 1816 ecclesiae
785 1763 980 1835 pertractata
1008 1764 1100 1830 esset,
1125 1750 1166 1814 ad
1192 1750 1387 1815 audientiam

431 1867 568 1919 vestram
588 1876 647 1939 per
667 1850 910 1938 appellationem
933 1850 1086 1915 translata
1101 1863 1167 1914 est:
1192 1850 1389 1937 tandemque

431 1954 608 2029 Martinus,
623 1952 680 2038 qui
695 1949 871 2015 delationes
886 1951 993 2036 plures
1008 1972 1048 2013 ex
1064 1949 1159 2013 variis
1180 1949 1283 2013 causis
1303 1951 1389 2015 obti-

430 2067 555 2128 nuerat,
570 2066 642 2137 post
651 2053 870 2137 jurameutum
886 2051 927 2114 de
942 2050 1101 2114 calumnia
1120 2050 1193 2115 hinc
1215 2049 1290 2115 inde
1305 2073 1390 2136 proe·

430 2152 555 2228 stitum,
583 2167 616 2217 et
647 2154 705 2215 hoc
732 2152 772 2215 de
801 2175 956 2217 consensu
986 2165 1018 2217 et
1048 2151 1202 2239 petitione
1231 2153 1385 2238 partium,

429 2252 499 2318 dies
529 2253 771 2341 peremptorius,
798 2252 872 2317 licet
899 2253 960 2316 hoc
989 2253 1152 2317 Martinus
1176 2253 1385 2331 inficiaretur,

430 2353 582 2439 praefixus
603 2367 662 2429 est,
685 2376 752 2438 quo
773 2376 872 2438 quum
895 2376 985 2417 suam
1008 2354 1150 2417 canonici
1171 2353 1288 2418 vellent
1311 2355 1387 2419 fuu-

377 2501 383 2509 -
429 2456 506 2521 dare
536 2456 755 2535 intentionem,
779 2457 847 2542 jam
878 2455 984 2520 dictus
1014 2459 1062 2520 M.
1089 2457 1242 2521 oratorias
1269 2480 1386 2544 excep·

430 2560 531 2624 tiones
546 2560 591 2624 eis
610 2561 772 2646 opposuit,
786 2560 895 2625 dicens
917 2559 978 2623 sibi
998 2560 1120 2645 aliquid
1141 2582 1199 2645 per
1218 2560 1386 2625 canonicos

428 2661 549 2741 abesse,
565 2661 704 2748 eoquod
719 2660 803 2726 datis
817 2659 1059 2747 fidejussoribus
1081 2659 1241 2747 obligatus
1255 2674 1323 2726 erat
1341 2661 1386 2727 ad

427 2765 658 2830 conservandas
680 2764 829 2850 praefatas
852 2763 1000 2835 decimas,
1022 2764 1186 2849 usquead
1209 2763 1276 2829 litis
1297 2763 1384 2828 deci-

429 2867 559 2945 sionem,
581 2879 612 2932 et
636 2867 713 2954 quia
726 2889 779 2930 eas
802 2865 977 2930 distrahere
995 2887 1058 2929 non
1074 2866 1200 2945 licebat,
1220 2865 1281 2931 sibi
1301 2873 1384 2954 prae·

423 2969 583 3055 judicium
603 2969 723 3034 factum
746 2970 891 3032 asseruit.
937 2967 992 3031 Ad
1015 2970 1085 3032 haec
1104 2966 1245 3031 canonici
1263 2992 1296 3033 se
1311 2968 1383 3033 nul·

427 3073 490 3133 lam
514 3069 738 3153 obligationem
762 3091 782 3130 a
803 3067 947 3132 Martino
971 3071 1149 3143 extorsisse,
1171 3067 1221 3131 vel
1241 3068 1383 3155 aliquem

428 3171 554 3235 nomine
582 3192 692 3233 eorum
719 3182 899 3234 constanter
928 3172 1118 3236 asserebant.
1163 3169 1223 3235 Ille
1251 3193 1383 3256 quoque

428 3274 485 3358 qui
506 3273 707 3356 fidejussores
726 3293 745 3333 a
767 3271 911 3335 Martino
933 3285 1125 3356 susceperat,
1146 3295 1300 3358 seneque
1327 3295 1384 3337 no-

427 3371 522 3450 mine,
545 3394 647 3457 neque
669 3372 820 3437 mandato
842 3373 1063 3436 canonicorum
1090 3397 1143 3437 eos
1170 3373 1251 3437 sicut
1269 3373 1382 3459 jurare

426 3485 559 3559 paratus
573 3485 652 3549 erat,
668 3476 822 3560 accepisse
837 3474 978 3540 dicebat:
1002 3475 1055 3538 sed
1069 3475 1147 3561 quia
1157 3475 1384 3540 decimationes

425 3573 579 3659 litigiosas
601 3597 668 3639 esse
690 3574 830 3651 videbat,
854 3575 978 3661 sibique
1002 3576 1129 3639 nolebat
1151 3578 1183 3639 in
1207 3575 1266 3638 bac
1288 3590 1381 3660 parte

426 3675 616 3762 prospicere,
638 3698 678 3741 ne
699 3675 784 3739 forte
804 3676 845 3740 ab
865 3699 902 3738 eo
924 3675 1025 3761 repeti
1047 3689 1184 3761 possent,
1202 3675 1228 3740 si
1250 3698 1303 3738 eas
1321 3676 1383 3739 im-

425 3768 600 3864 prudenter
628 3778 748 3864 injusto
777 3776 916 3842 exactori
949 3777 1103 3842 solvisset.
1162 3777 1254 3840 Idem
1283 3779 1381 3842 etiam

425 3880 640 3966 fidejussionis
666 3880 892 3965 obligationem
919 3878 1062 3943 Martino
1088 3877 1217 3958 remisit,
1241 3890 1273 3943 et
1304 3879 1382 3943 flde-

421 3983 603 4067 jussoribus
628 3983 706 4045 suis:
747 3982 831 4046 unde
855 4005 955 4067 quum
974 3981 1218 4066 interloquendo
1241 4002 1381 4066 pronun-

426 4083 571 4158 tiaretur,
595 4081 675 4144 hanc
701 4083 918 4167 exceptionem
943 4106 1145 4169 nequaquam
1169 4083 1310 4147 sufficere
1337 4083 1379 4146 ad

425 4206 529 4247 causae
544 4181 738 4261 dilationem,
753 4197 785 4246 et
802 4198 838 4247 ut
853 4186 1014 4249 Martinus
1029 4185 1060 4248 in
1077 4209 1172 4252 causa
1192 4185 1378 4272 procederet

373 4298 376 4303 '
425 4285 618 4369 exigeretur,
648 4283 687 4348 ad
720 4297 856 4349 vestram
895 4287 1090 4352 audientiam
1126 4288 1300 4374 appellavit
1336 4288 1378 4352 ad

427 4390 532 4466 Quasi
547 4388 636 4451 modo
645 4389 759 4469 geniti.
1375 4394 1377 4399 ’
