3667 5475
466 753 659 831 1159-61.]
856 773 1036 817 sersronn.
1356 760 1416 818 157

461 920 586 1008 poterit,
614 921 701 1007 quod
731 920 829 1007 aliqui
858 921 899 984 ad
930 946 987 984 vos
1011 924 1232 1007 confugientes
1261 925 1320 986 hoc
1349 924 1417 986 solo

463 1022 599 1086 remedio
613 1037 791 1089 eraserunt.
828 1025 903 1100 Vos,
914 1025 1053 1108 qualiter
1066 1027 1170 1108 agatis
1185 1048 1257 1088 cum
1273 1024 1329 1099 eis,
1341 1048 1418 1111 pro-

461 1123 575 1201 videte,
602 1137 634 1187 et
664 1128 692 1189 si
722 1125 802 1209 quid
830 1126 861 1188 in
892 1126 997 1188 causis
1024 1149 1134 1189 eorum
1161 1128 1253 1190 nobis
1281 1126 1418 1190 debetur

459 1226 597 1305 honoris,
613 1241 711 1314 prout
725 1228 895 1313 placuerit,
912 1238 1082 1290 reservate.

629 1544 850 1607 EPISTOLA
873 1543 1072 1607 Cl'Il.—.in
1088 1563 1242 1607 nnxnru.

702 1713 842 1776 Domino
857 1715 961 1796 Papa
976 1713 1170 1777 Alexandro.

501 1846 736 1911 Nonwrclrn'srs
751 1847 1004 1917 archidiaconus,
1021 1850 1070 1910 vir
1086 1846 1218 1925 malitia,
1232 1846 1413 1922 dolositate,

457 1959 488 2010 et
509 1962 577 2013 arte
598 1949 771 2013 mentiendi
794 1950 984 2034 conspicuus
1007 1970 1139 2033 regnum
1164 1961 1306 2013 nostrum
1329 1970 1413 2035 prae-

457 2050 551 2113 terita
572 2064 682 2114 aestate
703 2051 886 2114 rumoribus
906 2052 973 2115 suis
994 2051 1163 2131 concussit,
1185 2064 1218 2115 et
1244 2047 1415 2138 optimates

456 2150 543 2235 regni
555 2152 707 2215 adversus
718 2152 827 2215 fideles
839 2165 972 2229 vestros,
986 2152 1050 2215 imo
1061 2153 1221 2216 ecclesiam
1236 2154 1297 2216 Dei
1307 2154 1413 2238 gravi-

457 2264 504 2316 ter
517 2254 699 2329 concitavit,
716 2254 814 2338 vulgo
830 2254 949 2330 dicens,
966 2256 998 2318 in
1014 2259 1198 2342 episcopatu
1217 2254 1413 2320 Norwicensi

456 2377 488 2418 se
512 2378 533 2418 a
558 2356 650 2420 vobis
675 2356 708 2419 in
735 2354 886 2439 Angliam
911 2355 1118 2432 destinatum,
1142 2369 1177 2420 ut
1206 2381 1225 2422 a
1249 2356 1412 2421 Willelmo

454 2457 568 2521 comite
595 2458 768 2521 Warennae
797 2457 865 2521 filio
895 2459 980 2542 regis
1011 2459 1164 2543 Stephani
1195 2479 1256 2524 nec
1288 2483 1409 2524 marcas

455 2561 619 2643 reciperet,
634 2582 714 2646 quas
728 2582 788 2645 pro
804 2560 975 2625 audiendis
989 2560 1198 2646 petitionibus
1220 2560 1287 2626 suis
1300 2576 1411 2628 contra

455 2681 561 2746 regem
578 2660 666 2724 vobis
680 2661 835 2748 praefatus
850 2684 956 2726 comes
971 2661 1107 2725 debebat
1123 2660 1321 2747 appendere:
1349 2665 1410 2727 sub

454 2761 512 2825 hac
533 2762 746 2828 excusationis
767 2764 915 2848 imagine,
932 2787 971 2827 ne
991 2764 1023 2827 in
1042 2765 1098 2850 jus
1120 2763 1298 2828 traheretur
1314 2765 1412 2850 juxta

453 2863 637 2929 mandatum
673 2879 815 2929 vestrum
850 2888 870 2928 a
898 2865 1028 2929 domino
1064 2864 1259 2930 Norwiceusi
1294 2865 1411 2951 saepius

453 2965 647 3051 impetravit,
663 2979 695 3031 et
717 2990 844 3031 causam
861 2989 936 3053 quoe
950 2967 1033 3032 inter
1055 2967 1159 3053 ipsum
1175 2979 1207 3030 et
1222 2967 1410 3053 magistrum

452 3067 652 3133 Willelmum
668 3068 818 3133 clericum
836 3068 957 3133 domini
974 3069 1211 3134 Cantuariensis
1226 3069 1411 3134 vertebatur

453 3191 547 3254 super
567 3169 697 3233 ecclesia
721 3168 761 3234 de
785 3170 975 3244 Alvestona,
992 3169 1114 3234 diutius
1134 3170 1271 3235 distulit.
1309 3175 1411 3236 Bene·

452 3269 524 3333 ficio
538 3283 642 3335 tamen
662 3270 840 3335 litterarum
859 3285 1047 3351 vestrarum,
1061 3270 1203 3337 dictante
1221 3273 1362 3359 justitia,
1377 3274 1410 3338 in

454 3370 535 3436 facie
555 3372 695 3437 ccclesiae
719 3371 857 3437 Norwic.
884 3397 942 3460 per
967 3375 1167 3459 praesentiam
1189 3375 1340 3462 episcopi,
1359 3374 1410 3440 cui

451 3496 577 3539 causam
602 3475 840 3556 commiseratis,
866 3477 987 3562 absque
1019 3477 1159 3541 remedio
1189 3478 1410 3565 appellationis

451 3575 534 3639 infra
558 3580 783 3663 praescriptum
810 3582 980 3643 terminum
1008 3579 1191 3656 finiendam,
1217 3580 1249 3642 in
1276 3603 1314 3643 ea
1338 3603 1410 3665 pro-

452 3690 570 3741 stratus
590 3691 649 3753 est,
664 3692 695 3744 et
718 3703 737 3742 a
754 3681 911 3766 jamdicta
933 3681 1065 3744 ecclesia
1085 3682 1237 3767 dejectus.
1284 3680 1318 3746 Si
1333 3701 1409 3763 ergo

450 3802 579 3843 causam
595 3780 736 3866 iniquam
754 3805 901 3869 reparare
924 3785 1106 3860 tentaverit,
1123 3805 1185 3846 non
1206 3782 1297 3846 decet
1317 3782 1407 3846 boni-

451 3893 547 3944 tatem
576 3894 723 3958 vestram,
748 3895 784 3946 ut
810 3882 910 3969 ipsius
934 3905 1053 3967 preces,
1077 3905 1116 3945 ne
1143 3882 1245 3945 dicam
1267 3879 1408 3946 fallacias

449 3982 637 4061 admittatis,
653 3984 708 4049 sed
723 3988 831 4070 potius
846 3984 999 4070 puniatis,
1013 3984 1103 4070 qnod
1119 4007 1151 4048 se
1167 3996 1404 4070 procuratorem

449 4098 604 4164 vestrum,
625 4098 657 4149 et
683 4098 840 4169 gestorem
866 4083 1064 4168 negotiorum
1092 4085 1244 4150 mentitus
1269 4097 1328 4165 est,
1349 4097 1407 4149 aut

392 4221 394 4224 ⁴
448 4184 554 4271 inepte
575 4185 741 4271 gloriatos.
785 4186 872 4251 Male
894 4186 977 4249 enim
1001 4188 1107 4253 sonuit
1130 4188 1162 4252 in
1185 4186 1318 4252 auribus
1337 4207 1406 4249 om·

448 4289 536 4350 nium
551 4287 700 4370 gloriatio
710 4287 788 4371 ejus.
