3667 5475
513 809 576 867 344
686 819 814 865 rasum
830 816 1063 864 nrrsromunu
1081 817 1165 861 nour
1184 816 1292 864 urum.

514 969 531 1009 B
546 968 580 1010 bt.
1417 969 1436 1009 P
1468 999 1473 1009 .

515 981 572 1095 lis.
591 1036 635 1088 Ad
655 1035 785 1089 'rhomam
798 1034 1015 1086 cantuariensem
1032 1033 1400 1105 Archiepiscopum-Recepi
1436 983 1466 1022 ,ὅ

688 1139 770 1192 nuper
1420 1124 1473 1179 276
1504 1171 1511 1190 ⁸

514 1208 574 1266 176.
591 1207 637 1259 Ad
648 1206 779 1259 Thomam
791 1204 1104 1258 cantuariensem-Etsi
1115 1209 1214 1257 certum
1339 1244 1347 1258 .
1421 1207 1475 1261 284

514 1293 573 1351 177.
590 1293 635 1346 Ad
646 1292 852 1345 Thesanrarinm
865 1290 1161 1344 lismensem-Vestro
1172 1288 1277 1343 mallem
1336 1328 1344 1343 .
1418 1291 1470 1345 286

514 1376 572 1434 178.
591 1377 637 1430 Ad
650 1376 872 1430 Bartholomaeum
886 1376 1062 1428 Exoniensem
1074 1374 1312 1446 Episcopum-Me
1324 1392 1405 1427 cansa
1418 1376 1471 1434 287

514 1462 574 1519 179.
593 1461 639 1513 Ad
652 1460 794 1513 Ricardum
806 1458 926 1512 Fratrem
938 1458 1081 1512 snum-In
1094 1464 1129 1523 ts,
1141 1459 1256 1512 omnium
1337 1496 1343 1510 .
1418 1460 1471 1513 290

515 1546 575 1601 180.
593 1546 639 1616 Ad
651 1547 810 1614 Magistrum
823 1543 966 1599 lindulfum
977 1543 1329 1612 Nigrum-Excusationem
1340 1563 1391 1614 qun
1417 1545 1469 1599 293

515 1632 575 1687 181.
594 1633 640 1686 Au
653 1631 875 1687 eundemffldes
887 1636 915 1684 et
927 1632 1029 1684 devotio
1107 1667 1115 1683 .
1224 1671 1230 1685 .
1334 1671 1344 1689 .
1418 1634 1471 1693 297

516 1716 575 1772 182.
593 1717 638 1769 Ad
651 1716 780 1769 Thomam
792 1717 1009 1771 cantuariensem
1021 1714 1324 1789 Archiepisuopnm-Es
1335 1716 1388 1770 fere
1415 1717 1470 1771 300

516 1803 576 1859 183.
594 1803 638 1856 Ad
651 1803 920 1868 eundem-Litteras,
932 1820 996 1871 quas
1108 1839 1115 1854 .
1223 1841 1229 1854 .
1335 1840 1343 1855 .
1416 1804 1472 1857 302

516 1889 575 1944 184.
592 1888 638 1942 Ar
668 1888 887 1942 Bartholomaenm
918 1888 1095 1941 Exoniensem
1118 1888 1395 1961 Episcopum-Multa

689 1973 794 2043 quidem
1415 1974 1470 2028 309
1522 2008 1540 2023 ..

515 2054 575 2107 185.
592 2055 638 2107 Au
649 2054 809 2123 Magistrum
821 2054 960 2108 Girardum
972 2055 1190 2119 Pueella-Quod
1201 2055 1332 2111 dilectioni
1415 2059 1470 2112 318

517 2138 576 2193 186.
594 2140 639 2192 Ad
651 2141 785 2194 Abbatem
796 2141 824 2193 S.
837 2141 1197 2195 Edmnndi-Cicemnemin
1337 2183 1342 2195 .
1417 2146 1472 2197 324

517 2224 577 2280 187.
595 2225 640 2277 Ad
651 2225 791 2277 Nicolaum
802 2226 835 2278 de
847 2227 941 2279 Monte
955 2227 1274 2295 Rothomagensi-Qnod
1285 2229 1332 2281 tibi
1415 2232 1471 2288 327

516 2309 575 2361 188.
592 2310 636 2361 Ad
647 2309 806 2375 Magistrum
819 2310 1183 2385 Gaufiidem-Expectabam
1193 2315 1222 2365 in
1333 2353 1339 2365 .
1415 2316 1472 2368 329

515 2392 574 2447 189.
593 2393 638 2445 Ad
650 2392 728 2461 Mag.
740 2391 879 2447 Girardum
892 2392 1144 2447 Pncelle-Plensm
1155 2398 1292 2449 devotione
1334 2434 1340 2447 .
1411 2401 1470 2453 330

517 2477 576 2531 190.
593 2478 640 2531 Ad
651 2477 727 2547 Mag.
742 2475 889 2531 Walterum
899 2479 933 2531 da
946 2477 1255 2532 Insula-Promeruernt
1265 2480 1370 2548 quidem
1413 2483 1470 2537 332

744 4510 924 4555 EXGUDEBAT
937 4517 972 4558 W.
985 4512 1117 4568 Baxunn,
1130 4514 1205 4556 OXON
1209 4512 1244 4557 11,
