3667 5475
436 775 634 854 1159—64.]
826 789 1002 836 nrrsronn.
1331 783 1391 841 149

432 937 550 1031 getam.
598 941 732 1006 Illarum
747 944 866 1026 quippe
881 942 1019 1023 regimen
1037 943 1220 1028 suscepistis
1232 967 1251 1006 a
1261 924 1390 1008 Clunia-

432 1045 579 1109 censibus
597 1041 749 1107 absotuti.
795 1044 867 1118 Qua
887 1066 962 1127 ergo
978 1044 1100 1106 ratione
1123 1045 1164 1106 ab
1180 1044 1248 1107 istis
1263 1045 1303 1107 ad
1319 1044 1390 1109 illos

433 1146 631 1211 divertistis?
664 1145 831 1229 Numquid
850 1168 978 1229 aequum
1000 1158 1061 1220 cst,
1077 1146 1146 1209 istis
1168 1147 1389 1223 esurientibus,

433 1272 542 1312 eorum
555 1270 635 1335 pane
651 1246 722 1308 illos
738 1246 863 1310 satiari?
889 1248 970 1309 Haec
983 1269 1044 1309 non
1057 1246 1151 1309 modo
1163 1247 1283 1311 domini
1295 1250 1389 1333 regis,

434 1352 486 1414 sed
504 1354 569 1414 fere
581 1349 723 1412 omnium
740 1347 869 1431 querela
884 1362 941 1411 est.
988 1351 1083 1414 Certe
1098 1372 1136 1412 nn
1156 1351 1245 1434 justa
1266 1354 1318 1427 sit,
1334 1374 1389 1415 vos

435 1452 586 1517 videritis.
633 1449 793 1512 Praeterea
805 1465 844 1511 ex
860 1450 1003 1513 absentia
1015 1462 1119 1513 vestra
1132 1475 1163 1513 se
1179 1451 1210 1513 in
1225 1453 1391 1516 necessitu-

433 1555 519 1619 tibus
534 1552 622 1637 regni
638 1575 656 1614 a
671 1551 800 1614 consilio
821 1564 926 1615 vestro
942 1565 973 1614 et
990 1552 1111 1615 auxilio
1133 1550 1279 1636 queritur
1294 1553 1390 1617 desti·

433 1667 552 1731 tutunr,
569 1677 682 1740 quum,
697 1652 836 1717 Domino
851 1653 1071 1738 praecipiente,
1089 1654 1207 1717 Caesuri
1231 1654 1321 1717 reddi
1337 1655 1391 1717 de-

434 1759 528 1822 beant
540 1780 614 1841 quae
624 1768 698 1820 sunt
711 1755 855 1819 Caesaris.
879 1754 977 1819 Unde
988 1755 1348 1837 plurimisuaserunt‚ut
1357 1757 1388 1819 in

434 1882 542 1923 omnes
558 1872 677 1921 vestros
692 1858 805 1921 durius
818 1871 936 1942 ageret,
947 1871 978 1921 et
991 1858 1023 1921 in
1036 1859 1119 1921 bona
1128 1858 1276 1933 ecclesiae,
1291 1881 1391 1943 usque

434 1962 474 2025 ad
489 1962 652 2025 thesauros
667 1960 806 2036 intimos,
823 1983 951 2023 manum
968 1959 1164 2023 extenderet.
1188 1964 1262 2045 Ipse
1273 1973 1390 2038 tamen,

434 2064 586 2125 incitante
606 2085 637 2125 se
655 2061 761 2137 turba,
778 2060 919 2124 continet
936 2083 1049 2125 manus
1066 2083 1147 2138 suas,
1165 2074 1194 2123 et
1216 2060 1391 2123 adventum

436 2175 576 2226 vestrum
593 2175 768 2245 utcumque
790 2174 950 2245 expectat.
997 2159 1089 2236 Quod
1115 2163 1140 2224 si
1163 2159 1336 2238 ecclesiam,
1358 2172 1391 2223 et

436 2285 544 2327 omnes
560 2276 680 2326 vestros
692 2262 751 2324 hac
766 2261 990 2347 provocatione
1000 2264 1097 2346 regiae
1109 2262 1318 2346 indignationi
1336 2284 1391 2323 ex-

436 2363 617 2448 posueritis,
633 2362 810 2426 timendum
828 2376 874 2425 est
891 2384 930 2424 ne
955 2363 1081 2426 veniant
1106 2364 1227 2448 majora
1242 2376 1342 2439 metu,
1358 2375 1390 2426 et

437 2487 504 2540 vos,
533 2487 615 2549 quos
648 2463 804 2526 declinare
834 2486 896 2525 non
928 2464 1026 2527 vultis
1056 2465 1218 2547 praevisos,
1249 2463 1390 2528 sentiatis

435 2564 562 2629 aculeos
583 2564 785 2649 postmodum
811 2563 965 2627 duriores.
1010 2567 1181 2628 Precanrur
1202 2588 1288 2649 ergo,
1310 2564 1390 2629 etin

437 2666 557 2729 virtute
572 2663 713 2728 caritatis
728 2663 923 2727 consulimus
939 2680 975 2728 ut
992 2664 1138 2742 redeatis,
1153 2678 1184 2727 et
1200 2687 1239 2727 ex
1255 2686 1321 2749 quo
1334 2686 1390 2726 vos

436 2756 630 2832 audierimus
650 2789 717 2830 esse
739 2767 892 2843 Boloniae‚
910 2766 1001 2829 vobis
1024 2769 1055 2830 in
1076 2765 1145 2849 ipso
1162 2767 1268 2830 littore
1283 2776 1390 2828 nostro

434 2890 647 2947 occurremus,
662 2870 861 2952 procuraturi
874 2866 1036 2951 quomodo
1048 2867 1088 2928 ad
1105 2866 1268 2929 dominum
1281 2889 1387 2950 regem

435 2995 505 3035 cum
523 2973 641 3036 honore
663 2971 866 3056 perveniatis,
887 2983 920 3034 et
944 2970 1016 3034 finis
1036 2970 1202 3054 jucundus
1224 2968 1322 3034 tantis
1344 2969 1388 3034 la-

435 3074 567 3138 boribus
581 3074 775 3158 imponatur.

533 3278 752 3342 EPISTOLA
776 3275 902 3341 C.-rn
919 3297 1028 3342 rursu
1043 3298 1284 3344 rtrxrunnuu.

684 3429 824 3490 Domino
839 3428 946 3510 Papae
959 3429 1154 3494 Alexandro.

479 3566 531 3628 Ex
547 3561 698 3625 mandato
721 3561 899 3624 sanctitatis
916 3575 1030 3626 vestrae
1051 3564 1083 3626 in
1099 3565 1299 3649 proesentiam
1315 3589 1387 3630 nos·

437 3679 517 3729 tram
530 3663 698 3727 citavimus
711 3662 920 3726 venerabilem
934 3664 1037 3728 virum
1054 3668 1095 3730 G.
1108 3667 1264 3730 Abbatem
1282 3667 1386 3731 West-

436 3765 710 3830 monasteriensem
733 3766 895 3830 monacbis
910 3766 951 3828 de
966 3770 1003 3830 M
1005 3767 1142 3829 alvernia
1158 3788 1385 3852 responsurum

436 3890 531 3953 super
548 3867 596 3929 bis
618 3889 693 3953 quae
708 3868 740 3930 in
756 3868 919 3931 audientia
943 3879 1046 3929 vestre
1061 3867 1213 3930 adversus
1228 3890 1297 3930 eurn
1315 3890 1388 3953 pro·

435 3982 617 4055 posuerant.
665 3967 701 4031 In
725 3968 793 4053 ipsa
815 3978 921 4032 autern
946 3968 1151 4031 ventilatione
1173 3991 1277 4032 course
1296 3970 1387 4036 nobis

435 4094 473 4134 ex
494 4068 677 4134 testimonio
693 4068 917 4132 venerabiiium
944 4069 1085 4133 rirorurn
1108 4069 1263 4135 Giteberti
1288 4077 1388 4138 Here·

434 4171 514 4234 sord.
531 4169 683 4255 episcopi,
701 4168 860 4232 Harnelini
869 4169 995 4232 abbatis
1008 4169 1199 4253 Gtoucestr,
1215 4174 1386 4258 Ragintddi

437 4274 557 4335 l‘crsor.
573 4271 648 4334 abb.
673 4270 836 4333 evidenter
851 4271 1013 4356 apparuit,
1031 4274 1118 4358 quod
1142 4275 1286 4339 monachi
1303 4276 1385 4340 Mal-

437 4375 553 4436 rernioe
567 4370 713 4456 graviora
729 4392 825 4455 qutun
842 4369 924 4455 passi
942 4385 1015 4434 sunt
1039 4387 1289 4457 promeruerunt,
1305 4373 1387 4439 vicio
