3667 5475
520 788 584 848 806
779 798 915 844 scaurus
931 796 1211 844 sanassenmnsrs
1389 780 1433 861 [a.
1447 800 1476 845 n.

522 952 676 1038 pendium
689 952 781 1033 legis,
796 951 923 1015 tandem
940 949 1090 1027 inierunt,
1107 952 1195 1015 Reice
1208 958 1256 1015 est
1270 954 1395 1032 mortis,
1404 975 1476 1017 oru-

521 1052 626 1136 cifiqe,
640 1054 794 1133 cruaflqe
807 1073 893 1131 mem,
907 1073 1012 1136 neque
1025 1050 1116 1114 nobis
1130 1054 1298 1116 remeatis
1312 1056 1411 1133 bunc,
1424 1053 1480 1116 sed

522 1153 732 1218 Borraboml

564 1256 656 1319 Ecce
685 1276 781 1338 quam
810 1254 946 1317 salutem
975 1255 1057 1336 patri
1087 1253 1280 1331 desiderant,
1307 1274 1374 1337 qua
1400 1252 1478 1317 fidei

521 1356 690 1421 devotione
709 1354 849 1419 debitam
872 1354 1050 1437 adimplent
1071 1354 1302 1433 obedientiam,
1317 1376 1382 1438 qua
1405 1353 1476 1418 dili-

522 1458 631 1540 gentia
651 1478 762 1541 pacem
785 1458 867 1519 inter
892 1477 1028 1537 regnum
1050 1464 1083 1520 et
1107 1456 1321 1520 sacerdotium
1343 1455 1477 1539 cupiunt

521 1560 693 1624 reformari.
730 1560 776 1622 Et
791 1558 923 1643 quidem
936 1558 1006 1622 haec
1023 1568 1089 1623 tum
1104 1559 1206 1636 vobis,
1218 1579 1314 1641 quam
1329 1558 1478 1623 omnibus

523 1683 653 1727 oausam
668 1671 700 1724 et
718 1660 880 1724 historiam
900 1658 1145 1744 proscriptionis
1158 1670 1276 1723 nostra
1297 1659 1477 1741 intelligen-

523 1763 612 1827 tibus
627 1762 714 1826 dicta
728 1783 798 1825 esse
813 1782 879 1824 non
895 1761 1009 1825 dubito
1024 1782 1066 1824 ex
1084 1760 1272 1836 abundanti,
1287 1759 1346 1824 sed
1367 1761 1480 1843 impia·

523 1865 599 1928 tatis
636 1873 668 1927 et
705 1862 782 1940 doli,
810 1862 1020 1946 impudentiae
1058 1872 1091 1925 et
1127 1862 1274 1926 falsitatis
1311 1861 1479 1929 aienses·

523 1966 699 2041 cumulum,
713 1964 856 2047 profecto
877 1985 939 2028 nec
961 1964 1103 2027 animum
1121 1984 1182 2028 nec
1204 1964 1364 2028 calamum
1387 1963 1477 2047 potui

524 2063 704 2126 continere:
728 2070 862 2139 namet,

663 2177 693 2227 Si
703 2180 797 2227 natura
807 2180 897 2241 negat,
909 2174 973 2228 facit
984 2175 1130 2243 indignatio
1141 2174 1257 2239 verbum,

523 2279 674 2343 adversus
687 2279 842 2341 malitiam
858 2288 891 2342 et
905 2280 1136 2364 impudentiam
1151 2299 1273 2357 eorum,
1286 2300 1426 2363 quorum

574 2387 576 2393 ·
663 2386 1033 2458 omneuproeapievuium
1044 2386 1127 2450 assit,

522 2501 558 2553 ut
583 2492 733 2576 nequitiae
760 2514 870 2556 eorum
899 2492 953 2555 rix
983 2492 1107 2575 aliquid
1136 2490 1240 2575 possit
1267 2491 1398 2572 addere,
1423 2505 1477 2559 aut

522 2592 618 2656 etiam
648 2594 845 2675 excogitare,
875 2592 1053 2675 quamlibet
1088 2592 1225 2668 subtilis,
1256 2602 1289 2655 et
1322 2593 1356 2656 in
1385 2596 1477 2659 malis

520 2695 722 2760 inveniendis
760 2705 872 2776 arguta
908 2694 1087 2777 posteritas.
1147 2695 1214 2759 Sed
1253 2695 1334 2780 quid
1361 2697 1398 2760 in
1427 2697 1478 2761 his

521 2795 648 2861 moror?
681 2797 852 2860 Retribuat
877 2795 924 2859 eis
949 2797 1053 2874 Deus,
1078 2808 1110 2862 et
1138 2799 1245 2880 plane,
1271 2798 1336 2860 nisi
1361 2799 1479 2863 veritas

521 2900 604 2983 ipsa,
620 2899 706 2984 quod
728 2898 881 2981 possibile
905 2908 964 2975 est,
979 2907 1119 2961 vertatur
1141 2900 1174 2961 in
1193 2896 1374 2978 falsitatem,
1389 2901 1477 2964 retri-

520 3002 599 3065 buet
614 3000 814 3065 abundanter
832 2998 1025 3063 facientibus
1047 3011 1080 3062 et
1095 2999 1276 3064 foventibus
1298 3003 1477 3085 nequitiam

520 3099 625 3164 istam.
671 3099 737 3163 Vos
767 3109 885 3173 autem,
910 3111 946 3161 ut
974 3099 1053 3162 mihi
1083 3095 1185 3162 visum
1215 3112 1273 3176 est,
1301 3101 1416 3164 litteris
1446 3113 1477 3164 et

521 3203 652 3265 malitiae
664 3222 774 3264 eorum
789 3200 1045 3282 prudentissime,
1057 3211 1089 3264 et
1100 3202 1333 3282 elegantissime
1345 3223 1475 3285 respon·

522 3303 625 3377 distis,
636 3312 669 3363 et
683 3302 822 3381 argutias
834 3322 943 3363 eorum
956 3301 1011 3364 diu
1025 3303 1232 3383 excogitatas,
1244 3311 1277 3364 et
1287 3303 1476 3381 elaboratas,

522 3404 610 3465 velut
640 3422 824 3465 aranearum
856 3403 1042 3482 cassiculos,
1067 3404 1270 3467 validissimis
1297 3403 1477 3466 rationibus

523 3504 724 3568 dissolvistis.
769 3505 815 3566 Et
835 3505 914 3567 licet
937 3505 1165 3585 grandiuscula
1180 3506 1221 3568 sit
1243 3503 1388 3587 epistola,
1405 3525 1476 3586 quae

521 3616 628 3670 tamen
653 3607 834 3669 necessaria
855 3610 924 3670 sola
943 3606 1124 3691 exequitur,
1145 3607 1258 3669 vellem
1282 3614 1390 3668 tamen
1413 3605 1473 3667 hoc

522 3709 609 3771 circa
634 3729 734 3771 unum
763 3707 941 3780 articulum,
968 3707 1024 3789 qui
1054 3715 1086 3769 et
1111 3727 1202 3769 verus
1230 3714 1263 3768 et
1290 3716 1388 3768 notus
1417 3716 1473 3781 est,

521 3807 705 3890 diligentius
720 3806 892 3881 institisse;
924 3805 1058 3882 scilicet,
1073 3815 1110 3868 ut
1125 3803 1336 3868 ostenderetis
1351 3805 1472 3888 patien-

520 3908 611 3984 tiam,
623 3930 718 3991 quam
734 3906 790 3969 diu
800 3907 834 3969 in
849 3906 975 3969 silentio
989 3904 1158 3982 habuistis,
1169 3916 1201 3968 ot
1217 3903 1475 3979 sollicitudinem,

519 4030 618 4090 quarn
647 4011 721 4092 paci
750 4008 958 4073 reformandae
988 4007 1192 4085 adhibuistis,
1222 4028 1329 4089 regem
1359 4006 1475 4089 saepius

522 4127 596 4170 cum
611 4111 699 4171 omni
709 4110 887 4173 humilitate
898 4108 1082 4172 revocando
1098 4129 1154 4190 per
1167 4108 1290 4171 litteras
1303 4116 1337 4169 et
1346 4107 1476 4170 nuntios

522 4207 644 4272 domini
657 4231 760 4293 papae,
772 4231 831 4292 per
844 4221 976 4289 vestroe,
987 4231 1045 4295 per
1058 4220 1190 4273 matrem
1206 4230 1307 4286 suam,
1319 4209 1375 4271 cui
1389 4207 1476 4272 credi

522 4308 695 4388 debuisset,
710 4331 769 4393 per
793 4312 964 4395 episcopos
985 4310 1213 4376 transmarinos
1227 4319 1259 4374 et
1277 4309 1476 4384 cismarinos,

519 4435 575 4496 per
596 4414 705 4477 fratres
727 4412 855 4495 Templi
871 4422 904 4475 et
926 4413 1120 4497 Hospitalis,
1134 4433 1192 4494 per
1213 4431 1321 4493 regem
1344 4419 1377 4473 et
1393 4410 1474 4493 opti·
