3667 5475
435 779 494 844 ita
690 794 828 838 soanms
844 792 1120 840 sanasnsnmnsrs
1286 777 1332 857 [A.
1348 795 1382 840 n.

431 967 568 1011 mensem
591 957 624 1009 et
647 943 816 1007 monachos
839 943 1076 1007 cantuariensis
1099 941 1251 1018 ecclesiae,
1274 945 1384 1031 appel-

431 1045 557 1111 lationis
571 1045 692 1109 auxilio
703 1067 805 1130 nuper
816 1045 857 1109 ad
869 1068 1001 1108 examen
1013 1044 1222 1131 apostolicum
1234 1068 1254 1109 a
1267 1047 1385 1111 nostris

435 1148 583 1212 manibus
613 1146 773 1218 evolavit;
812 1169 850 1209 ea
878 1159 927 1210 est
949 1146 1143 1236 hujusmodi.
1187 1150 1388 1211 Memoratus

433 1248 517 1312 Rad.
532 1246 654 1310 reditus
669 1244 725 1309 lxx
738 1244 903 1321 librarum,
919 1241 1000 1331 quos
1016 1250 1046 1309 in
1059 1245 1189 1309 ecclesia
1202 1246 1384 1310 Dovurensi

430 1333 724 1423 habuerat,⁴officio
746 1358 854 1409 nostro
876 1346 936 1409 sibi
959 1346 1082 1411 restitui
1106 1346 1302 1431 postulabat,
1325 1360 1383 1414 aut

431 1450 563 1514 aliorum
587 1447 749 1512 redituum
774 1469 899 1532 aequam
916 1448 1239 1533 recompensationem
1257 1447 1319 1511 sibi
1334 1471 1384 1512 re·

431 1549 622 1638 ponderari;
653 1550 761 1613 dicens
782 1572 835 1613 eos
856 1549 898 1613 ad
921 1549 980 1613 hoc
1009 1551 1109 1615 teneri
1131 1572 1171 1613 ex
1189 1550 1386 1633 juramento,

432 1652 521 1739 quod
541 1651 682 1716 Anticus
705 1651 905 1717 Camerarius
927 1646 1053 1715 nomine
1075 1675 1115 1715 ex
1138 1650 1289 1715 mandato
1312 1675 1384 1717 cou-

431 1767 543 1820 ventus
558 1752 718 1840 praestitit,
734 1752 865 1837 quando
881 1751 964 1815 Rad.
987 1753 1092 1830 cessit,
1110 1767 1146 1817 ut
1167 1756 1201 1817 in
1220 1753 1382 1817 ecclesiam

431 1859 574 1920 Dovurae
603 1851 748 1916 monachi
778 1850 1031 1935 ingrederentur.
1078 1856 1152 1917 Hoc
1188 1876 1320 1940 quoque
1350 1876 1383 1917 se

433 1954 584 2040 legitimis
604 1952 741 2035 testibus
759 1950 905 2037 promisit
929 1952 1150 2036 probaturum.
1197 1952 1291 2016 Prior
1310 1976 1387 2017 vero

432 2066 466 2120 et
479 2052 625 2117 monachi
640 2052 721 2115 hanc
731 2052 801 2135 ejus
810 2050 997 2134 petitionem
1009 2050 1133 2114 inanem
1149 2074 1216 2116 esse
1225 2051 1385 2130 dicebaut,

433 2154 580 2240 eoquod
603 2152 663 2216 sibi
685 2174 808 2238 semper
830 2151 984 2237 praedicta
1004 2156 1150 2239 pactione
1171 2154 1203 2217 in
1226 2155 1387 2238 assignato

433 2256 540 2321 reditu
556 2255 655 2320 fuerit
677 2254 895 2326 satisfactum
927 2253 1110 2338 adjicientes
1125 2280 1157 2319 se
1179 2268 1306 2342 paratos
1319 2280 1387 2321 esse

433 2354 474 2420 ad
489 2355 603 2421 calculi
612 2356 764 2420 rationem
780 2355 940 2430 accedere,
958 2370 992 2419 ut
1004 2356 1170 2442 suppleant
1182 2377 1240 2442 pro
1252 2356 1387 2421 arbitrio

433 2456 509 2522 boni
519 2458 589 2538 viri,
599 2458 626 2521 si
639 2456 718 2542 quid
729 2457 758 2519 ei
770 2457 1123 2541 ulteriuscompetierit.
1155 2457 1206 2520 Ad
1219 2457 1288 2521 haec
1299 2458 1384 2524 Rad.

431 2583 465 2624 se
478 2559 559 2622 citra
572 2558 767 2623 audientiam
783 2572 919 2623 vestram
935 2558 1065 2622 minime
1085 2581 1181 2644 super
1196 2560 1265 2623 haec
1281 2560 1386 2645 litiga·

433 2673 543 2725 turum
558 2657 733 2745 respondit,
748 2658 887 2721 invitans
899 2657 1040 2722 Priorem
1057 2670 1089 2721 et
1105 2660 1275 2723 monachos
1290 2682 1387 2747 super

433 2759 963 2848 praestitojuramcutoadvestrum
974 2775 1158 2840 examen,et
1168 2762 1305 2845 priorem
1316 2786 1387 2848 spe-

434 2863 567 2937 cialiter,
579 2875 610 2926 et
628 2861 717 2947 Hug.
733 2862 862 2926 fratrem
878 2863 948 2948 ejus
960 2885 1056 2947 super
1071 2875 1256 2948 contemptu
1271 2878 1387 2941 vestro,

434 2988 473 3028 eo
496 2964 583 3050 quod
606 2967 639 3028 in
662 2963 812 3048 parochia
832 2963 921 3027 illius
943 2966 1150 3049 protectionis
1172 2980 1286 3029 vestrae
1308 2989 1389 3052 prae-

435 3065 515 3130 sidio
525 3065 713 3151 gaudentes,
724 3088 775 3128 me
784 3065 884 3129 invito
899 3078 1010 3128 contra
1020 3066 1105 3152 juris
1117 3070 1326 3132 reverentiam
1338 3092 1387 3132 ca-

433 3167 548 3254 pellam
559 3171 804 3242 construxerint,
814 3167 952 3253 praefixit
964 3169 1074 3253 itaque
1089 3169 1258 3233 terminum
1274 3172 1385 3235 Domi·

434 3268 537 3331 nicam
552 3268 583 3330 iu
599 3270 696 3330 ramis
709 3265 899 3352 palmarum.

580 3583 801 3647 EPISTOLA
825 3585 1067 3647 cxxiv-an
1082 3604 1234 3649 aunuum.

671 3734 812 3797 Domino
830 3735 934 3815 Popae
949 3735 1144 3799 Aleaandro.

477 3870 519 3932 In
550 3891 582 3931 se
611 3867 727 3952 ipsum,
759 3880 837 3932 teste
862 3868 1000 3941 Anania,
1024 3881 1177 3952 provocat
1200 3870 1387 3934 sententiam

434 3968 557 4046 mortis,
573 3968 630 4053 qui
647 3968 802 4053 Spiritum
821 3969 982 4042 Sanctum,
999 3969 1114 4032 merito
1129 3969 1300 4046 virtutum,
1317 3995 1388 4035 suc-

432 4068 580 4132 cessionis
590 4068 704 4149 gratia‚
717 4069 929 4154 praerogativa
941 4070 1024 4132 sedis
1035 4070 1230 4135 habitantem
1244 4075 1277 4134 in
1288 4073 1389 4152 vobis,

434 4168 544 4251 aliquo
573 4167 728 4230 mendacii
752 4170 827 4231 fuco
849 4170 1078 4235 circumvenire
1103 4173 1280 4257 praesumit,
1307 4196 1390 4258 prae·

435 4269 540 4336 sertim
554 4291 654 4353 quum
667 4269 700 4329 in
716 4268 916 4354 dispendium
929 4274 1025 4357 juriS,
1040 4287 1072 4337 et
1085 4274 1216 4338 alterius
1230 4275 1390 4337 laesionem

435 4370 572 4438 mendax
601 4382 747 4455 precator
783 4370 939 4456 invigilet.
999 4378 1100 4440 Porro
1135 4377 1218 4440 lator
1252 4398 1393 4459 praesen·
