3667 5475
496 735 560 794 296
759 746 897 791 Jonnnrs
913 744 1192 790 ssnnsanrunnsrs
1357 723 1404 805 [s.
1420 742 1453 785 n.

499 922 565 964 non
591 911 737 983 possunt,
760 921 869 964 eornm
899 899 1082 961 minuantur
1106 897 1198 971 vires,
1221 906 1254 960 et
1283 903 1454 960 evanescat

500 1001 680 1065 auctoritas.
742 1000 839 1073 Quod
870 999 1007 1063 audistis
1036 997 1076 1060 de
1107 998 1228 1075 Siculo,
1251 997 1453 1061 salsissimum

500 1123 571 1165 esse
597 1101 708 1164 dicunt
733 1102 849 1164 milites
873 1102 1060 1177 Remenses,
1081 1098 1136 1182 qui
1160 1098 1361 1183 stipendiarii
1387 1096 1457 1180 ejus

500 1202 628 1265 fuerunt
642 1224 727 1265 anno
742 1204 878 1283 integro,
893 1215 926 1266 et
940 1202 1045 1286 pridie
1062 1201 1179 1264 reversi
1193 1211 1278 1264 sunt.
1384 1283 1386 1286 .

543 1302 640 1373 Quod
650 1303 696 1365 illi
708 1324 773 1364 non
784 1304 951 1380 evitantur,
961 1323 1041 1385 quos
1051 1302 1200 1364 dominus
1212 1300 1456 1365 cantuariensis

500 1400 699 1465 denuntiavit
721 1402 1030 1478 excommunicatos,
1052 1422 1118 1463 nou
1142 1411 1206 1463 tam
1227 1403 1334 1484 ipsum
1357 1401 1456 1472 laedit,

504 1524 599 1585 quam
623 1524 678 1565 eos
700 1504 758 1586 qni
779 1503 826 1566 eis
848 1503 1097 1566 communicant.
1145 1501 1215 1586 Ipsi
1233 1502 1372 1566 viderint
1393 1524 1456 1585 qua

502 1604 700 1667 conscientia
711 1604 961 1679 communicent,
973 1616 1006 1666 et
1020 1604 1075 1685 qui
1087 1603 1356 1667 excommunicati
1372 1617 1456 1680 suut,

502 1726 568 1788 qua
596 1706 780 1769 innocentia
805 1716 861 1769 ant
885 1716 1014 1786 negent,
1040 1716 1096 1767 aut
1123 1715 1283 1768 excusent
1300 1705 1457 1781 crimina,

503 1827 574 1889 quae
589 1808 636 1869 eis
652 1807 878 1891 impinguntur.
916 1806 989 1887 Ego
1005 1806 1073 1868 scio
1088 1804 1175 1889 quod
1187 1826 1292 1889 neque
1308 1808 1343 1869 in
1354 1806 1457 1870 fereu-

503 1905 545 1970 da
560 1910 719 1972 sententia
733 1929 874 1991 praesens
889 1909 945 1987 sui,
961 1929 1067 1991 neque
1088 1908 1128 1970 de
1144 1908 1280 1972 consilio
1302 1930 1388 1987 meo,
1404 1918 1458 1973 aut

502 2010 543 2073 de
566 2012 765 2075 conscientia
793 2015 858 2076 lata
883 2021 941 2090 est,
964 2021 997 2073 et
1025 2010 1175 2088 necdum,
1199 2010 1342 2075 Domino
1365 2024 1456 2096 teste,

504 2113 659 2197 quosdam
686 2136 806 2193 eorum,
831 2116 885 2199 qui
917 2115 1018 2178 notati
1049 2123 1135 2192 sunt,
1159 2115 1246 2191 no'vi,
1269 2134 1344 2192 nec,
1370 2116 1456 2199 quod

503 2216 713 2290 meminerim,
743 2216 818 2277 ridi.
873 2217 1021 2278 Tentabo
1056 2216 1176 2298 utique,
1208 2224 1243 2278 ut
1277 2217 1457 2295 consulitis,

501 2314 778 2399 archiepiscopum
794 2317 924 2379 flectere
936 2339 996 2400 pro
1008 2316 1235 2380 archidiacono
1249 2317 1458 2397 Pictaviensi,

501 2416 529 2478 si
541 2425 647 2478 tamen
661 2415 890 2496 intellexeritis,
903 2419 991 2502 quod
1002 2419 1043 2483 ad
1060 2441 1171 2502 pacem
1183 2420 1343 2483 Ecclesiae
1354 2420 1457 2503 possit

501 2517 657 2600 proficere
672 2520 762 2582 labor
783 2542 882 2583 meus.
930 2522 1082 2606 Alioquin
1105 2524 1295 2604 probrosum
1317 2537 1405 2585 esset
1425 2535 1457 2587 et

501 2632 594 2705 turpe
608 2633 730 2705 patrem
746 2623 988 2700 circumvenire,
1003 2635 1035 2685 et
1050 2623 1225 2687 dominum.
1272 2623 1337 2686 Sed
1354 2625 1456 2706 nostis

503 2724 707 2808 quod,quum
720 2725 781 2789 hoc
791 2727 831 2789 ab
841 2747 927 2788 anno
940 2726 1099 2810 praeterito
1109 2726 1278 2806 egerimus,
1285 2748 1346 2791 nec
1357 2713 1457 2792 semel

500 2827 594 2889 uobis
609 2849 798 2910 responsum
814 2838 863 2890 est
880 2829 922 2890 ab
945 2827 1173 2891 archidiacono
1189 2829 1321 2890 verbum
1343 2831 1456 2893 unum.

502 2928 554 2990 De
576 2928 686 2990 itinere
709 2938 816 2990 autem
838 2938 944 2990 vestro
966 2928 1044 3010 quid
1067 2929 1231 2990 consulam
1254 2930 1377 3008 nesci0,
1400 2931 1456 2994 sud

503 3030 563 3092 iter
577 3031 710 3112 praecise
726 3028 888 3105 dictarem,
902 3028 966 3090 nisi
982 3029 1135 3111 quianon
1151 3028 1245 3092 video
1261 3032 1426 3112 quomodo
1441 3055 1459 3095 a

503 3131 675 3213 participio
716 3131 1068 3192 excommunicatorum
1109 3130 1240 3212 possitis
1284 3132 1455 3197 abstinere.

505 3235 589 3294 Nam
610 3231 696 3313 quod
719 3233 911 3294 sententiam
933 3242 1124 3308 meruerunt,
1140 3233 1230 3293 vobis
1247 3233 1459 3316 aliquatenus,

504 3332 561 3394 sed
589 3333 653 3391 illis
680 3351 722 3391 ex
748 3332 930 3393 testimonio
961 3334 1164 3395 conscientiae
1194 3334 1321 3415 plenius
1346 3337 1456 3420 liquet.

502 3433 599 3506 Eum,
615 3431 671 3512 qni
687 3431 822 3493 seminat
845 3432 1021 3497 discordias
1044 3435 1126 3496 inter
1147 3435 1259 3497 fratres
1282 3435 1456 3500 detestetur

501 3533 608 3594 anima
635 3532 783 3593 Domini:
825 3533 903 3615 quid
930 3556 1111 3614 ergoeum,
1134 3535 1285 3617 quicum
1309 3537 1455 3602 ldumaeo

501 3636 636 3698 satellite
650 3635 850 3717 persequitur
865 3636 1056 3712 sacerdotes,
1071 3650 1104 3699 et
1123 3638 1318 3700 tabernaculi
1342 3638 1454 3702 Domi-

502 3739 536 3801 ni
552 3736 720 3800 succendit
734 3731 851 3812 vicum‚
867 3750 898 3798 et
912 3737 1020 3818 gladio
1043 3738 1196 3820 principis
1218 3738 1250 3799 in
1273 3739 1453 3803 Leviticnm

502 3840 646 3902 ordinem
663 3839 889 3901 debacchatur.
929 3838 969 3900 In
985 3839 1047 3902 hoc
1061 3861 1137 3920 ergo
1149 3839 1284 3902 articulo
1297 3842 1454 3905 consulite

502 3941 741 4015 conscientiam,
771 3952 803 4002 et
831 3939 970 4022 aliquem
999 3940 1184 4020 religiosum
1214 3952 1246 4002 et
1280 3940 1452 4004 discretum

502 4041 652 4102 arbitrum
668 4041 835 4103 adhibete:
860 4051 893 4102 et
909 4062 1007 4124 quum
1020 4040 1195 4104 effuderitis
1206 4063 1261 4103 cor
1271 4051 1409 4105 vestrum
1420 4044 1452 4106 in

501 4150 678 4219 conspectu
693 4140 772 4219 ejus,
787 4141 957 4222 sequimini
980 4142 1065 4225 quod
1090 4142 1249 4204 Dominus
1271 4142 1449 4225 inspirabit.

503 4232 537 4297 Si
553 4256 626 4297 vero
642 4257 697 4298 vos
712 4236 752 4298 ad
776 4238 906 4316 curiam,
922 4241 1130 4306 suadentibus
1153 4244 1265 4306 amicis
1283 4245 1451 4326 contigerit

500 4335 673 4421 proficisci,
695 4337 932 4416 archidiacono,
948 4362 1042 4424 quem
1065 4343 1208 4424 diligitis,
1227 4354 1259 4406 et
1281 4367 1352 4427 ego,
1376 4369 1451 4430 qua-
