3667 5475
453 756 566 835 noo]
853 776 1031 821 EPISTOLAE.
1348 771 1410 827 247

447 926 683 1009 respondemus
712 928 840 1001 affectu,
874 931 963 991 Deus
1002 943 1105 993 antem
1138 934 1253 995 caritas
1290 948 1405 997 uostrae

444 1028 570 1092 caritati
601 1027 815 1111 proculdubio
845 1029 1054 1112 respondebit
1084 1035 1211 1110 effectu,
1241 1050 1276 1097 ut
1305 1035 1403 1118 juxta

443 1128 534 1213 quod
557 1129 716 1212 promisit,
741 1150 921 1192 mensuram
945 1132 1062 1194 bonam
1088 1143 1119 1195 ct
1145 1134 1349 1215 coagitatam,
1371 1150 1402 1199 ct

444 1230 729 1314 supereffluentem
749 1230 896 1293 refundat
911 1231 944 1292 in
965 1232 1070 1294 sinum
1087 1245 1235 1297 vestrum.
1282 1238 1399 1319 Inque

445 1344 553 1396 autem
590 1331 776 1396 conditione
814 1346 952 1394 versetur
988 1355 1086 1396 causa
1121 1347 1233 1413 vestra,
1270 1337 1400 1401 domino

442 1433 600 1517 episcopo
615 1434 740 1516 scripsi,
756 1445 789 1496 et
803 1434 923 1495 exinde
943 1456 1014 1517 quae
1038 1435 1125 1497 circa
1146 1457 1205 1497 nos
1220 1449 1293 1500 sunt
1308 1440 1400 1503 nobis

443 1534 572 1617 plenius
582 1535 799 1597 innotescent:
816 1555 930 1616 precor
942 1535 1050 1617 itaque
1066 1547 1101 1598 ut
1112 1538 1398 1618 peregrinationem

444 1647 586 1699 nostram
600 1637 712 1699 restris
722 1648 946 1699 ctsanctorum
963 1637 1018 1720 qui
1034 1637 1121 1719 apud
1132 1659 1187 1701 vos
1198 1653 1273 1704 sunt
1284 1642 1398 1705 oratio·

442 1738 541 1801 nibus
562 1738 731 1821 adjuvetis,
752 1760 792 1799 nc
812 1736 941 1801 deficiat
963 1738 1045 1800 fides
1066 1750 1181 1814 nostra,
1197 1751 1252 1802 aut
1274 1741 1397 1824 aliquid

442 1839 600 1902 faciamus
614 1838 656 1902 ad
672 1840 834 1901 turbinem
849 1839 946 1921 hujus
960 1840 1121 1921 procellae,
1137 1840 1221 1903 unde
1239 1842 1397 1905 Dominus

441 1939 633 2017 offendatur,
648 1941 706 2003 sed
728 1940 816 2024 quod
837 1961 931 2003 suum
947 1950 996 2002 est
1010 1941 1116 2019 saciat,
1131 1962 1204 2004 cum
1220 1943 1395 2008 tentatione

440 2042 538 2105 etiam
559 2053 766 2125 proventum:
791 2040 969 2123 etquidem
985 2041 1053 2125 jam
1077 2043 1175 2125 coepi,
1191 2043 1266 2125 quia
1287 2056 1318 2107 et
1339 2044 1394 2108 de·

440 2143 603 2205 vononem
618 2143 754 2207 contulit
768 2164 825 2225 pro
835 2141 963 2225 justitia
977 2141 1132 2223 patiendi,
1143 2152 1175 2204 ct
1190 2144 1393 2207 acerbitatem

438 2244 596 2327 mitigavit
621 2244 728 2307 exilii:
763 2245 864 2305 levius
893 2244 981 2305 enim
1007 2254 1055 2305 est
1085 2244 1181 2306 modo
1208 2265 1305 2327 quam
1334 2245 1393 2310 fuit

438 2345 492 2409 die
522 2348 636 2430 prima
690 2345 856 2429 Numquid
882 2345 970 2408 enim
997 2344 1120 2427 aliquid
1146 2344 1249 2410 defuit
1274 2345 1390 2410 nobis?

437 2469 549 2509 nonne
561 2449 646 2510 enim
661 2449 769 2530 plures
784 2448 940 2510 habemus
955 2446 1051 2509 modo
1068 2457 1161 2510 notos
1172 2458 1205 2509 et
1216 2449 1394 2526 familiares,

436 2548 543 2631 etqui
563 2568 703 2611 amorem
725 2569 819 2632 quem
843 2545 1039 2630 profitentur,
1057 2548 1232 2610 officiorum
1248 2561 1279 2611 et
1294 2549 1392 2613 bene-

436 2650 587 2713 ficiorum
608 2650 805 2714 exhibitione
827 2647 1049 2713 declararunt?
1089 2650 1233 2711 Affernnt
1254 2671 1330 2731 ergo
1351 2650 1391 2713 ad

435 2753 555 2816 amoris
573 2752 869 2836 comprobationem
892 2751 1110 2815 testimouium
1128 2751 1230 2834 majus
1247 2753 1391 2816 Joanne:

433 2854 634 2939 operaenim
658 2875 729 2938 quoe
752 2853 814 2936 ipsi
838 2853 960 2916 faciunt
982 2852 1196 2915 testimonium
1221 2853 1389 2936 perhibent

434 2958 478 3021 de
492 2958 547 3021 eia.

434 3218 658 3284 EPISTOLA
683 3219 890 3282 CLVI.-an
906 3236 1082 3281 nicaenum
1099 3236 1256 3281 rmrnnu
1273 3236 1375 3281 SUUM.

806 3320 850 3399 [Δ.
863 3339 894 3382 n.
915 3318 1025 3397 lion]

788 3457 827 3518 R.
845 3456 961 3518 Fratri
974 3477 1040 3517 ruo.

478 3577 557 3638 T1u1
573 3577 744 3660 perpaucis
765 3575 890 3658 scripsi,
905 3575 981 3658 quia
999 3585 1114 3636 statum
1136 3596 1241 3637 meum
1258 3586 1320 3638 tam
1344 3599 1385 3640 ex

433 3677 550 3740 titteris
572 3676 702 3739 domino
725 3677 880 3758 episcopo
902 3674 1018 3747 missis,
1036 3694 1131 3756 quam
1154 3694 1196 3735 ex
1219 3674 1290 3754 ipsa
1306 3695 1385 3738 voce

431 3776 545 3840 latoris
573 3798 737 3858 agnosces.
783 3779 890 3848 Quum
921 3796 994 3837 vero
1025 3774 1102 3857 quid
1127 3774 1226 3836 relatu
1251 3773 1384 3854 dignum

431 3879 606 3958 emerserit,
631 3878 712 3942 illud
742 3879 801 3941 tibi
825 3877 1004 3958 significare
1035 3897 1100 3937 uon
1131 3875 1283 3937 difleram.
1333 3877 1384 3941 Tu

432 4002 507 4045 vero
522 3982 647 4044 iuterim
662 3981 829 4044 consilium
845 3991 878 4042 et
893 3979 1088 4041 voluntatem
1104 3977 1225 4040 domiui
1240 3978 1384 4063 episcopi

431 4093 466 4144 et
498 4081 680 4164 M[agistri]
721 4081 915 4161 Bialdwini]
953 4079 1180 4143 Archidiaconi
1218 4080 1384 4163 diiigenter

431 4185 575 4267 explora,
601 4196 633 4247 ct
659 4184 800 4248 animum
831 4184 964 4246 aliorum
989 4183 1175 4257 amicorum,
1204 4195 1237 4246 ut
1266 4206 1306 4246 cx
1334 4185 1385 4248 bis

432 4297 563 4348 anctore
587 4285 729 4348 Domino
754 4297 807 4347 aut
830 4285 996 4357 rescribas,
1024 4297 1078 4348 aut
1103 4285 1272 4368 exequaris
1299 4285 1383 4368 quod

433 4385 573 4449 maximo
590 4385 748 4448 videbitur
760 4385 920 4467 expedire.
954 4387 1022 4448 Nec
1037 4408 1130 4468 super
1147 4407 1216 4447 mco
1232 4384 1384 4447 movearis
