3667 5475
439 740 501 798 180
695 750 830 794 maurus
846 750 1120 795 saansaaamnsrs
1299 732 1347 812 [A.
1366 752 1400 799 n.

442 900 613 967 adversarii
631 903 700 986 ejus
715 902 845 965 crimina
862 900 961 966 multa
975 901 1007 963 in
1032 900 1161 963 modum
1185 900 1401 986 exceptionis,

442 1005 658 1087 opposuerint,
673 1002 705 1063 in
720 1002 837 1086 quibus
852 1004 947 1064 etiam
963 1002 1191 1066 conveniebant
1206 1024 1278 1065 eum
1297 1023 1400 1087 super
1448 1021 1450 1025 ’

443 1101 572 1166 crimine
588 1104 671 1167 laesae
687 1104 870 1189 majestatis,
883 1103 1024 1167 dicentes
1039 1124 1111 1165 eum
1126 1103 1318 1165 commisisse
1334 1101 1398 1164 fal-

443 1226 512 1268 sum
525 1208 557 1270 in
571 1196 681 1269 litteris
695 1189 805 1269 vestde
817 1226 896 1289 quas
907 1204 1100 1289 proferebat.
1139 1203 1236 1267 Vobis
1251 1201 1399 1287 quidem,

442 1318 474 1369 et
499 1305 650 1370 fratribus
673 1307 786 1371 vestris
809 1310 867 1391 qui
892 1307 1025 1369 aderant
1048 1304 1170 1379 obstiti,
1194 1303 1396 1369 dissimilitu-

442 1404 560 1484 dinem,
575 1418 607 1470 et
623 1406 745 1471 litteras
766 1428 847 1491 quas
862 1405 902 1469 de
926 1404 1084 1470 industria
1097 1405 1208 1469 fecisse
1223 1408 1308 1468 visus
1333 1418 1394 1478 est,

441 1508 570 1571 omnino
594 1522 776 1590 suspectas:
808 1519 839 1569 et
861 1504 945 1581 ideo,
971 1519 1006 1569 ut
1033 1506 1123 1569 nobis
1145 1510 1249 1570 visum
1272 1517 1332 1581 est,
1351 1505 1393 1568 ad

442 1605 638 1670 celsitudinis
664 1618 776 1671 vestrae
801 1628 934 1670 examen
962 1605 1176 1671 remittendas.
1221 1608 1296 1690 lpse
1318 1626 1395 1667 vero

440 1719 622 1771 constanter
646 1730 678 1770 se
704 1729 829 1771 causam
858 1730 877 1770 a
900 1707 992 1771 vobis
1017 1709 1172 1793 accepisse
1198 1707 1336 1782 dicebat,
1360 1718 1394 1770 et

440 1808 582 1871 omnium
598 1830 672 1893 quae
688 1806 891 1871 continentur
905 1808 937 1870 iu
950 1807 1075 1885 litteris,
1088 1809 1268 1871 Romanum
1284 1806 1392 1890 ponti·

441 1908 530 1972 ficem
547 1908 696 1974 laudabat
711 1920 884 1973 auctorem.
929 1908 1026 1974 Unde
1041 1908 1151 1973 habito
1165 1908 1300 1972 fratrum
1319 1928 1393 1971 nos-

442 2022 565 2073 trorum
595 2009 738 2085 consilio,
767 2022 898 2096 accepta
926 2011 967 2075 ab
996 2033 1034 2073 eo
1057 2010 1216 2096 juratoria
1244 2007 1392 2071 cautione

442 2107 531 2191 quod
545 2122 651 2171 vestro
673 2109 771 2173 stabit
794 2112 955 2186 mandato,
971 2109 1096 2174 easdem
1118 2108 1209 2173 vobis
1230 2110 1392 2171 transmit-

442 2205 540 2270 timus
554 2231 611 2291 per
623 2208 774 2272 dilectum
785 2210 887 2274 filium
900 2224 1040 2275 vestrum
1054 2210 1139 2275 Rad.
1152 2207 1391 2274 Landavensem

441 2307 709 2386 archidiaconum,
725 2323 873 2394 rogantes
891 2323 927 2375 ut
946 2311 1065 2375 eumin
1083 2312 1182 2397 justis
1203 2308 1392 2395 postulatio-

443 2408 537 2473 nibus
551 2409 616 2472 suis
626 2410 775 2487 audiatis,
787 2424 819 2475 et
834 2412 975 2476 miserias
992 2412 1135 2476 Landav.
1150 2408 1299 2485 ecclesiae,
1310 2432 1393 2494 quas

442 2510 533 2573 vobis
547 2524 696 2596 exponet,
710 2512 811 2576 oculis
825 2515 1061 2599 propitiationis
1076 2526 1189 2577 vestrae
1206 2510 1390 2596 respiciatis.

442 2611 602 2676 Praeterea
624 2614 726 2690 nobis,
742 2613 767 2676 si
790 2613 893 2699 placet
917 2615 1092 2690 rescribite,
1108 2636 1173 2699 qua
1193 2610 1393 2675 animadver-

441 2710 528 2774 sione
542 2712 676 2777 ieriendi
693 2725 767 2777 sunt
785 2726 986 2798 corruptores
1009 2714 1185 2780 litterarum
1201 2724 1390 2776 vestrarum.

441 2811 578 2877 Difficile
589 2816 672 2877 enim
685 2829 732 2879 est
745 2816 785 2878 ad
798 2815 921 2899 singula
933 2814 1115 2901 hujusmodi
1127 2837 1201 2899 quoe
1212 2825 1392 2896 emergunt,

441 2914 616 2997 majestatis
632 2930 746 2980 vestrae
761 2916 926 2979 consilium
943 2929 1120 3001 expectare.

563 3213 788 3274 EPISTOLA
812 3214 1035 3277 CXXX-an
1050 3235 1265 3279 aanarrssau.

826 3387 1001 3452 Abbatissoe.

484 3518 730 3581 Nacmcunrnn
742 3532 817 3594 tuae,
826 3532 860 3584 ut
870 3521 996 3584 interim
1007 3522 1193 3599 sicdicatur,
1201 3525 1391 3609 multiplices

439 3631 470 3682 et
486 3640 598 3702 graves
614 3641 760 3682 excessus
775 3619 909 3684 ulterius
925 3621 1123 3685 dissimulare
1134 3644 1196 3685 non
1207 3646 1388 3707 possumus,

439 3741 539 3803 quum
556 3720 597 3782 ad
613 3744 704 3784 aures
727 3722 863 3785 Romani
886 3723 1045 3806 pontificis
1064 3722 1181 3787 delicta
1201 3736 1257 3786 tua
1278 3748 1390 3809 perve-

436 3820 552 3897 nerint,
567 3835 598 3882 et
614 3820 767 3886 adversus
789 3820 997 3886 innocentiam
1022 3836 1159 3887 vestram
1182 3837 1299 3888 sanctae
1324 3826 1390 3888 Ro-

437 3941 539 3982 manae
553 3920 692 3983 ecclesiae
708 3934 879 4005 provocent
895 3921 1153 4005 indignationem.
1195 3927 1242 3986 Te
1258 3924 1389 4008 quidem

437 4041 520 4101 saepe
542 4020 734 4095 monuimus,
759 4034 794 4084 ut
817 4045 837 4084 a
858 4022 978 4084 famosa
1000 4021 1214 4087 familiaritate
1239 4036 1272 4086 et
1293 4025 1387 4087 coha-

438 4117 590 4179 bitatione
608 4120 757 4198 Hugonis
771 4121 924 4199 officialis,
941 4122 999 4186 toti
1015 4123 1069 4208 qui
1086 4135 1150 4186 tuae
1173 4122 1318 4208 religioni
1340 4138 1388 4188 est

435 4215 467 4276 in
490 4215 690 4278 offensionem
715 4232 746 4281 et
773 4223 967 4294 scandalum,
990 4223 1093 4286 modis
1115 4225 1264 4288 omnibus
1289 4224 1388 4289 absti-

436 4337 535 4388 nereS,
548 4337 648 4398 quum
664 4339 703 4378 ex
720 4317 870 4382 mandato
882 4322 1014 4383 Domini
1029 4322 1123 4385 etiarn
1141 4345 1196 4406 pes
1212 4323 1261 4386 vel
1276 4323 1390 4387 oculus
