3667 5475
482 756 544 818 lta
740 760 878 813 JonNNIS
893 761 1169 809 sinassanrunsis
1337 744 1386 827 [s.
1404 767 1435 812 n.

485 920 717 1007 Increpatiouis
731 943 808 1003 ergo
822 932 937 982 vestrae
952 917 1097 1001 querelas
1113 915 1252 999 graviter·
1266 915 1387 1002 occepi,
1403 930 1435 983 et

480 1023 591 1088 eodem
608 1024 712 1087 animo
732 1044 799 1107 quo
818 1043 871 1083 eas
892 1042 1040 1083 noveram
1063 1041 1131 1083 esse
1151 1018 1359 1105 conscriptas,
1374 1020 1436 1085 nisi

479 1123 567 1210 quod
583 1126 614 1188 iu
630 1125 735 1188 anima
750 1121 871 1208 puriori
884 1120 1085 1184 sinceriorem
1101 1143 1167 1183 esse
1182 1120 1278 1183 credo
1292 1121 1437 1186 caritatis

480 1224 640 1288 affectum.
687 1222 721 1285 Si
735 1220 818 1284 enim
834 1243 931 1306 super
953 1221 1014 1296 his,
1032 1220 1080 1283 vel
1097 1220 1175 1283 vitio
1197 1221 1388 1305 arrogantiae
1402 1236 1436 1288 et

481 1323 723 1408 ingratitudinis
738 1323 900 1386 vobiscum
924 1321 1127 1398 contendero,
1143 1334 1260 1407 praeter
1274 1345 1342 1385 earn
1360 1346 1436 1407 quaa

478 1424 653 1510 perspicuis
677 1438 708 1488 et
733 1424 897 1509 perpetuis
925 1423 1080 1486 virtutum
1113 1422 1216 1487 titulis
1241 1423 1435 1505 illustratur,

479 1528 652 1592 domestica
681 1526 868 1611 probatione
895 1524 1075 1588 convincor.
1133 1525 1248 1590 Gratia
1274 1526 1433 1610 siquidem

482 1629 611 1693 Domini
634 1643 666 1692 et
688 1641 803 1702 vestra,
820 1648 889 1688 surn
914 1624 1068 1709 quicquid
1092 1647 1175 1697 sum,
1197 1625 1303 1710 siquid
1327 1640 1433 1690 tamen

480 1754 564 1810 sum,
584 1746 615 1796 et
639 1727 848 1793 institutionis
864 1736 976 1790 vestrae
1000 1726 1151 1790 beneficio
1173 1749 1224 1790 me
1246 1749 1338 1812 spero
1353 1751 1435 1791 sem-

480 1856 538 1920 per
552 1835 699 1898 futurum
717 1831 887 1894 meliorem.

524 1934 718 2018 Scripseram
743 1931 873 2016 quidem
897 1929 988 1994 vobis
1010 1928 1051 1992 de
1074 1928 1216 1993 adventu
1239 1952 1321 2006 meo,
1342 1932 1434 2013 quod

480 2058 520 2098 ex
552 2036 703 2119 subjectis
732 2033 835 2095 causis
866 2033 935 2095 fore
971 2030 1179 2094 credideram.
1230 2032 1327 2105 Quod
1357 2056 1434 2097 vero

481 2136 667 2200 sententiam
692 2135 813 2197 mutavi
834 2134 882 2196 vel
905 2133 1030 2209 distuli,
1052 2155 1114 2195 non
1138 2132 1250 2198 levitas
1272 2156 1353 2212 mea,
1376 2136 1432 2201 sed

480 2236 647 2301 consilium
677 2236 849 2300 amicorum
875 2258 1015 2299 meorum
1046 2236 1119 2300 fuit.
1164 2236 1261 2300 Unde
1287 2238 1347 2302 hoc
1375 2256 1434 2307 aut

480 2337 599 2401 nullam
610 2338 758 2413 arbitror,
769 2339 935 2401 autlevem
946 2337 1235 2423 culpam‚quumet
1246 2339 1433 2406 Altissimus

479 2436 665 2502 seutentiam
683 2450 797 2512 mutet,
807 2439 900 2523 cujus
915 2437 1081 2503 consilium
1096 2451 1202 2504 manet
1217 2439 1249 2501 in
1265 2453 1432 2506 aeteruum.

481 2541 553 2603 Nou
583 2538 665 2601 enim
697 2539 835 2602 fortunae
865 2538 996 2602 insidias
1026 2538 1113 2601 solus
1142 2539 1234 2625 potui
1263 2540 1433 2622 declinare,

478 2663 581 2725 quum
596 2639 703 2702 omnia
722 2662 796 2725 quae
820 2639 879 2703 sub
902 2637 966 2702 sole
987 2653 1073 2715 sunt,
1090 2638 1221 2703 lubricae
1242 2643 1335 2706 sortis
1350 2664 1432 2707 vana

480 2754 646 2806 versentur
667 2742 699 2805 in
723 2742 799 2805 alea.
849 2740 976 2804 Fluxus
998 2741 1114 2805 etenim
1138 2742 1302 2828 temporis,
1326 2757 1432 2809 motus

431 2898 436 2910 .
478 2866 594 2923 rerum,
608 2843 710 2928 caligo
733 2843 897 2923 mentium,
916 2841 1027 2906 levitas
1049 2842 1238 2919 animorum,
1253 2869 1345 2910 axem
1368 2847 1432 2910 for-

477 2961 565 3011 tunae
588 2958 676 3009 tanta
697 2946 746 3008 sui
769 2945 911 3030 agilitate
931 2946 1171 3025 circumferunt,
1193 2960 1229 3011 ut
1251 2970 1314 3011 non
1337 2949 1431 3012 modo

479 3063 580 3112 rotam
605 3048 684 3131 ejuS,
701 3047 756 3110 sed
778 3060 810 3110 et
835 3048 933 3111 totius
955 3047 1041 3126 orbis
1064 3048 1176 3110 molem
1193 3049 1286 3114 facile
1307 3065 1431 3117 constet

476 3173 544 3214 esse
568 3148 753 3211 volu-bilem.
804 3149 922 3211 Verum
949 3172 987 3211 ne
1013 3171 1076 3212 non
1102 3162 1166 3212 tam
1192 3174 1242 3214 me
1268 3176 1430 3233 excusare,

477 3273 574 3334 quam
597 3271 701 3313 rerum
723 3247 936 3311 conditionem
952 3249 1073 3313 frustra
1089 3249 1195 3313 videar
1219 3274 1366 3318 accusare
1384 3256 1429 3319 dc

475 3351 635 3423 omuibus,
652 3348 705 3411 sed
727 3371 822 3411 causa
841 3349 970 3434 cognita
985 3351 1140 3437 judicare.
1190 3355 1299 3419 Status
1318 3355 1428 3443 itaque

476 3450 537 3514 mei
567 3449 680 3514 faciem
708 3472 880 3535 parumper
904 3450 1061 3536 inspicite,
1089 3453 1278 3517 serenissimi
1308 3456 1427 3521 domini

478 3554 578 3619 nostri
609 3553 692 3638 regis
722 3553 917 3638 Anglorum,
943 3554 984 3617 ab
1011 3577 1093 3617 anno
1123 3558 1297 3641 praeterito,
1323 3561 1429 3644 gravis

476 3657 507 3720 in
531 3679 581 3720 me
602 3656 709 3720 studio
729 3656 919 3720 aemulorum
935 3657 1072 3720 excitata
1094 3670 1141 3722 est
1162 3659 1349 3743 indignatio.
1395 3665 1429 3728 Si

475 3783 600 3824 causam
614 3758 770 3844 quaeritis,
783 3757 934 3844 professio
951 3758 1116 3836 libertatis
1130 3760 1272 3825 veritatis
1287 3762 1429 3827 defensio

475 3861 606 3926 crimina
624 3884 693 3923 mea
709 3872 801 3922 suut:
836 3859 925 3923 testis
939 3873 985 3924 est
1008 3861 1085 3923 mihi
1102 3875 1259 3927 scrutator
1274 3865 1429 3946 cordium,

476 3987 568 4050 quern
592 3961 714 4025 inutilis
736 3975 767 4025 et
791 3962 967 4047 perniciosa
982 3963 1047 4026 vita
1068 3988 1138 4028 mea
1161 3978 1229 4030 tota
1252 3989 1374 4052 semper
1395 3982 1426 4032 et

476 4063 569 4126 nimis
592 4060 736 4136 offendit,
759 4062 836 4145 quia
858 4061 988 4125 alterius
1010 4062 1125 4148 culpae,
1148 4064 1234 4148 quod
1262 4069 1304 4129 ad
1329 4067 1430 4132 domi-
1520 4099 1528 4113 ·

476 4185 553 4226 uum
569 4179 688 4242 regern,
705 4161 927 4224 conscientiam
943 4163 1057 4226 nescio.
1097 4165 1221 4248 Ipsum,
1233 4177 1269 4229 ut
1284 4167 1430 4247 audistis,

477 4261 565 4325 adire
595 4260 823 4343 disposueram,
848 4285 949 4325 meam
976 4263 1183 4328 innocentiam
1199 4268 1427 4351 purgaturus,

475 4363 528 4428 sed
545 4385 605 4450 per
622 4359 792 4424 familiares
814 4385 887 4426 suos
908 4363 1018 4441 didici,
1035 4389 1084 4428 me
1107 4367 1291 4431 nullomodo
1314 4369 1429 4435 admit-
