<?xml version="1.0" encoding="UTF-8"?>
<!DOCTYPE html PUBLIC "-//W3C//DTD XHTML 1.0 Transitional//EN"
    "http://www.w3.org/TR/xhtml1/DTD/xhtml1-transitional.dtd">
<html xmlns="http://www.w3.org/1999/xhtml" xml:lang="en" lang="en">
 <head>
  <title>
</title>
<meta http-equiv="Content-Type" content="text/html;charset=utf-8" />
  <meta name='ocr-system' content='tesseract 3.04.00' />
  <meta name='ocr-capabilities' content='ocr_page ocr_carea ocr_par ocr_line ocrx_word'/>
</head>
<body>
  <div class='ocr_page' id='page_1' title='image "./operaomnianuncp03johngoog_0025.png"; bbox 0 0 3667 5475; ppageno 0'>
   <div class='ocr_carea' id='block_1_1' title="bbox 406 759 1411 837">
    <p class='ocr_par' dir='ltr' id='par_1_1' title="bbox 406 759 1411 837">
     <span class='ocr_line' id='line_1_1' title="bbox 406 759 1411 837; baseline 0.004 -14"><span class='ocrx_word' id='word_1_1' title='bbox 406 759 592 837; x_wconf 68' lang='lat' dir='ltr'><strong>tlon-a]</strong></span> <span class='ocrx_word' id='word_1_2' title='bbox 797 781 975 824; x_wconf 73' lang='lat' dir='ltr'><strong>nersrona.</strong></span> <span class='ocrx_word' id='word_1_3' title='bbox 1347 772 1365 826; x_wconf 79' lang='lat'>5</span> <span class='ocrx_word' id='word_1_4' title='bbox 1409 821 1411 827; x_wconf 91' lang='lat'><em>.</em></span> 
     </span>
    </p>
   </div>
   <div class='ocr_carea' id='block_1_2' title="bbox 398 927 1433 2507">
    <p class='ocr_par' dir='ltr' id='par_1_2' title="bbox 398 927 1433 2507">
     <span class='ocr_line' id='line_1_2' title="bbox 407 927 1361 1014; baseline 0.006 -24"><span class='ocrx_word' id='word_1_5' title='bbox 407 942 441 991; x_wconf 89' lang='lat' dir='ltr'><strong>et</strong></span> <span class='ocrx_word' id='word_1_6' title='bbox 458 927 587 1004; x_wconf 85' lang='lat' dir='ltr'><strong>tradita,</strong></span> <span class='ocrx_word' id='word_1_7' title='bbox 604 943 637 992; x_wconf 83' lang='lat' dir='ltr'><strong>et</strong></span> <span class='ocrx_word' id='word_1_8' title='bbox 659 929 800 993; x_wconf 83' lang='lat' dir='ltr'><strong>chartam</strong></span> <span class='ocrx_word' id='word_1_9' title='bbox 817 929 998 993; x_wconf 88' lang='lat' dir='ltr'><strong>donationis</strong></span> <span class='ocrx_word' id='word_1_10' title='bbox 1012 929 1151 1014; x_wconf 85' lang='lat' dir='ltr'>episcopi</span> <span class='ocrx_word' id='word_1_11' title='bbox 1167 931 1361 1014; x_wconf 88' lang='lat' dir='ltr'><strong>proferebat.</strong></span> 
     </span>
     <span class='ocr_line' id='line_1_3' title="bbox 406 1030 1364 1116; baseline 0.003 -24"><span class='ocrx_word' id='word_1_12' title='bbox 406 1031 570 1093; x_wconf 83' lang='lat' dir='ltr'><strong>Praeterea</strong></span> <span class='ocrx_word' id='word_1_13' title='bbox 597 1030 724 1096; x_wconf 90' lang='lat' dir='ltr'><strong>dicebat</strong></span> <span class='ocrx_word' id='word_1_14' title='bbox 756 1030 842 1094; x_wconf 88' lang='lat' dir='ltr'><strong>litem</strong></span> <span class='ocrx_word' id='word_1_15' title='bbox 876 1031 938 1095; x_wconf 86' lang='lat' dir='ltr'>sibi</span> <span class='ocrx_word' id='word_1_16' title='bbox 975 1030 1137 1093; x_wconf 91' lang='lat' dir='ltr'><strong>imminere</strong></span> <span class='ocrx_word' id='word_1_17' title='bbox 1175 1052 1271 1116; x_wconf 87' lang='lat' dir='ltr'><strong>super</strong></span> <span class='ocrx_word' id='word_1_18' title='bbox 1300 1031 1364 1095; x_wconf 82' lang='lat' dir='ltr'><strong>alia</strong></span> 
     </span>
     <span class='ocr_line' id='line_1_4' title="bbox 404 1128 1360 1216; baseline 0.005 -26"><span class='ocrx_word' id='word_1_19' title='bbox 404 1128 537 1192; x_wconf 85' lang='lat' dir='ltr'><strong>ecclesia</strong></span> <span class='ocrx_word' id='word_1_20' title='bbox 558 1131 599 1193; x_wconf 88' lang='lat' dir='ltr'><strong>ab</strong></span> <span class='ocrx_word' id='word_1_21' title='bbox 621 1130 730 1194; x_wconf 89' lang='lat' dir='ltr'><strong>eodem</strong></span> <span class='ocrx_word' id='word_1_22' title='bbox 758 1130 908 1208; x_wconf 88' lang='lat' dir='ltr'><strong>Ricardo,</strong></span> <span class='ocrx_word' id='word_1_23' title='bbox 925 1132 982 1215; x_wconf 93' lang='lat' dir='ltr'><strong>qui</strong></span> <span class='ocrx_word' id='word_1_24' title='bbox 1005 1143 1068 1194; x_wconf 86' lang='lat' dir='ltr'><strong>tam</strong></span> <span class='ocrx_word' id='word_1_25' title='bbox 1091 1130 1241 1215; x_wconf 91' lang='lat' dir='ltr'><strong>episcopo</strong></span> <span class='ocrx_word' id='word_1_26' title='bbox 1262 1153 1360 1216; x_wconf 90' lang='lat' dir='ltr'><strong>quam</strong></span> 
     </span>
     <span class='ocr_line' id='line_1_5' title="bbox 403 1229 1361 1317; baseline 0.005 -26"><span class='ocrx_word' id='word_1_27' title='bbox 403 1229 628 1294; x_wconf 86' lang='lat' dir='ltr'><strong>archidiacono</strong></span> <span class='ocrx_word' id='word_1_28' title='bbox 643 1232 808 1316; x_wconf 78' lang='lat' dir='ltr'><strong>synodalia</strong></span> <span class='ocrx_word' id='word_1_29' title='bbox 819 1246 851 1296; x_wconf 93' lang='lat' dir='ltr'><strong>et</strong></span> <span class='ocrx_word' id='word_1_30' title='bbox 863 1232 1018 1317; x_wconf 88' lang='lat' dir='ltr'><strong>quosdam</strong></span> <span class='ocrx_word' id='word_1_31' title='bbox 1033 1230 1155 1295; x_wconf 89' lang='lat' dir='ltr'><strong>reditus</strong></span> <span class='ocrx_word' id='word_1_32' title='bbox 1167 1231 1361 1317; x_wconf 83' lang='lat' dir='ltr'><strong>episcopales</strong></span> 
     </span>
     <span class='ocr_line' id='line_1_6' title="bbox 403 1330 1360 1418; baseline 0.003 -28"><span class='ocrx_word' id='word_1_33' title='bbox 403 1330 598 1393; x_wconf 82' lang='lat' dir='ltr'><strong>moliebatur</strong></span> <span class='ocrx_word' id='word_1_34' title='bbox 613 1332 755 1394; x_wconf 84' lang='lat' dir='ltr'><strong>auferre:</strong></span> <span class='ocrx_word' id='word_1_35' title='bbox 781 1344 813 1394; x_wconf 90' lang='lat' dir='ltr'><strong>et</strong></span> <span class='ocrx_word' id='word_1_36' title='bbox 828 1332 870 1394; x_wconf 92' lang='lat' dir='ltr'><strong>ob</strong></span> <span class='ocrx_word' id='word_1_37' title='bbox 887 1331 947 1393; x_wconf 88' lang='lat' dir='ltr'><strong>boc</strong></span> <span class='ocrx_word' id='word_1_38' title='bbox 962 1332 1067 1416; x_wconf 91' lang='lat' dir='ltr'><strong>ipsum</strong></span> <span class='ocrx_word' id='word_1_39' title='bbox 1091 1332 1132 1394; x_wconf 89' lang='lat' dir='ltr'><strong>ad</strong></span> <span class='ocrx_word' id='word_1_40' title='bbox 1156 1330 1260 1394; x_wconf 89' lang='lat' dir='ltr'><strong>sedem</strong></span> <span class='ocrx_word' id='word_1_41' title='bbox 1285 1354 1360 1418; x_wconf 87' lang='lat' dir='ltr'><strong>apo-</strong></span> 
     </span>
     <span class='ocr_line' id='line_1_7' title="bbox 402 1430 1358 1517; baseline 0.003 -24"><span class='ocrx_word' id='word_1_42' title='bbox 402 1430 547 1493; x_wconf 88' lang='lat' dir='ltr'><strong>stolicam</strong></span> <span class='ocrx_word' id='word_1_43' title='bbox 571 1431 755 1517; x_wconf 89' lang='lat' dir='ltr'><strong>appellavit,</strong></span> <span class='ocrx_word' id='word_1_44' title='bbox 777 1431 861 1494; x_wconf 88' lang='lat' dir='ltr'><strong>diem</strong></span> <span class='ocrx_word' id='word_1_45' title='bbox 886 1432 1053 1516; x_wconf 84' lang='lat' dir='ltr'><strong>praefigens</strong></span> <span class='ocrx_word' id='word_1_46' title='bbox 1075 1444 1224 1495; x_wconf 86' lang='lat' dir='ltr'><strong>octavum</strong></span> <span class='ocrx_word' id='word_1_47' title='bbox 1241 1455 1260 1494; x_wconf 85' lang='lat' dir='ltr'><strong>a</strong></span> <span class='ocrx_word' id='word_1_48' title='bbox 1275 1434 1358 1497; x_wconf 89' lang='lat' dir='ltr'><strong>festo</strong></span> 
     </span>
     <span class='ocr_line' id='line_1_8' title="bbox 402 1529 1357 1619; baseline 0.005 -27"><span class='ocrx_word' id='word_1_49' title='bbox 402 1529 489 1594; x_wconf 85' lang='lat' dir='ltr'><strong>beati</strong></span> <span class='ocrx_word' id='word_1_50' title='bbox 512 1530 658 1596; x_wconf 81' lang='lat' dir='ltr'><strong>Andreae.</strong></span> <span class='ocrx_word' id='word_1_51' title='bbox 686 1537 716 1597; x_wconf 90' lang='lat' dir='ltr'>E</span> <span class='ocrx_word' id='word_1_52' title='bbox 738 1544 848 1596; x_wconf 88' lang='lat' dir='ltr'><strong>contra</strong></span> <span class='ocrx_word' id='word_1_53' title='bbox 868 1531 935 1616; x_wconf 90' lang='lat' dir='ltr'><strong>jam</strong></span> <span class='ocrx_word' id='word_1_54' title='bbox 963 1532 1068 1597; x_wconf 91' lang='lat' dir='ltr'><strong>dictus</strong></span> <span class='ocrx_word' id='word_1_55' title='bbox 1095 1532 1252 1598; x_wconf 84' lang='lat' dir='ltr'><strong>Ricardus</strong></span> <span class='ocrx_word' id='word_1_56' title='bbox 1275 1556 1357 1619; x_wconf 86' lang='lat' dir='ltr'><strong>prae-</strong></span> 
     </span>
     <span class='ocr_line' id='line_1_9' title="bbox 401 1631 1355 1720; baseline 0.001 -24"><span class='ocrx_word' id='word_1_57' title='bbox 401 1632 553 1709; x_wconf 86' lang='lat' dir='ltr'><strong>bendam,</strong></span> <span class='ocrx_word' id='word_1_58' title='bbox 580 1655 676 1718; x_wconf 90' lang='lat' dir='ltr'><strong>quam</strong></span> <span class='ocrx_word' id='word_1_59' title='bbox 706 1654 789 1696; x_wconf 93' lang='lat' dir='ltr'><strong>nunc</strong></span> <span class='ocrx_word' id='word_1_60' title='bbox 824 1634 1049 1707; x_wconf 87' lang='lat' dir='ltr'><strong>calumniatur,</strong></span> <span class='ocrx_word' id='word_1_61' title='bbox 1083 1631 1114 1695; x_wconf 91' lang='lat' dir='ltr'><strong>in</strong></span> <span class='ocrx_word' id='word_1_62' title='bbox 1147 1654 1242 1696; x_wconf 88' lang='lat' dir='ltr'><strong>manu</strong></span> <span class='ocrx_word' id='word_1_63' title='bbox 1275 1635 1355 1720; x_wconf 90' lang='lat' dir='ltr'><strong>epis-</strong></span> 
     </span>
     <span class='ocr_line' id='line_1_10' title="bbox 402 1732 1395 1821; baseline 0.001 -23"><span class='ocrx_word' id='word_1_64' title='bbox 402 1736 476 1820; x_wconf 87' lang='lat' dir='ltr'><strong>copi</strong></span> <span class='ocrx_word' id='word_1_65' title='bbox 514 1738 668 1801; x_wconf 82' lang='lat' dir='ltr'><strong>refutasse</strong></span> <span class='ocrx_word' id='word_1_66' title='bbox 707 1733 884 1821; x_wconf 88' lang='lat' dir='ltr'><strong>respondit,</strong></span> <span class='ocrx_word' id='word_1_67' title='bbox 927 1736 1097 1819; x_wconf 85' lang='lat' dir='ltr'><strong>ipsumque</strong></span> <span class='ocrx_word' id='word_1_68' title='bbox 1138 1732 1179 1797; x_wconf 88' lang='lat' dir='ltr'><strong>ad</strong></span> <span class='ocrx_word' id='word_1_69' title='bbox 1220 1736 1356 1799; x_wconf 89' lang='lat' dir='ltr'><strong>eundem</strong></span> <span class='ocrx_word' id='word_1_70' title='bbox 1389 1777 1395 1787; x_wconf 89' lang='lat'><strong>·</strong></span> 
     </span>
     <span class='ocr_line' id='line_1_11' title="bbox 402 1836 1358 1924; baseline 0.001 -25"><span class='ocrx_word' id='word_1_71' title='bbox 402 1836 575 1910; x_wconf 84' lang='lat' dir='ltr'><strong>terminum</strong></span> <span class='ocrx_word' id='word_1_72' title='bbox 603 1838 641 1902; x_wconf 90' lang='lat' dir='ltr'><strong>ad</strong></span> <span class='ocrx_word' id='word_1_73' title='bbox 668 1855 806 1902; x_wconf 89' lang='lat' dir='ltr'><strong>vestram</strong></span> <span class='ocrx_word' id='word_1_74' title='bbox 834 1836 1028 1924; x_wconf 87' lang='lat' dir='ltr'><strong>audientiam</strong></span> <span class='ocrx_word' id='word_1_75' title='bbox 1057 1836 1229 1922; x_wconf 85' lang='lat' dir='ltr'><strong>appellavit</strong></span> <span class='ocrx_word' id='word_1_76' title='bbox 1261 1858 1358 1922; x_wconf 91' lang='lat' dir='ltr'><strong>super</strong></span> 
     </span>
     <span class='ocr_line' id='line_1_12' title="bbox 402 1936 1433 2023; baseline -0.001 -21"><span class='ocrx_word' id='word_1_77' title='bbox 402 1939 605 2022; x_wconf 77' lang='lat' dir='ltr'><strong>pactionibus</strong></span> <span class='ocrx_word' id='word_1_78' title='bbox 621 1937 752 2015; x_wconf 89' lang='lat' dir='ltr'><strong>illicitis,</strong></span> <span class='ocrx_word' id='word_1_79' title='bbox 769 1952 800 2003; x_wconf 95' lang='lat' dir='ltr'><strong>et</strong></span> <span class='ocrx_word' id='word_1_80' title='bbox 817 1940 898 2001; x_wconf 89' lang='lat' dir='ltr'><strong>male</strong></span> <span class='ocrx_word' id='word_1_81' title='bbox 914 1939 1071 2023; x_wconf 89' lang='lat' dir='ltr'><strong>acquisito</strong></span> <span class='ocrx_word' id='word_1_82' title='bbox 1087 1936 1433 2015; x_wconf 70' lang='lat' dir='ltr'><strong>archidiacorratu,tll.l.</strong></span> 
     </span>
     <span class='ocr_line' id='line_1_13' title="bbox 401 2038 1354 2125; baseline 0.001 -24"><span class='ocrx_word' id='word_1_83' title='bbox 401 2053 436 2103; x_wconf 90' lang='lat' dir='ltr'><strong>et</strong></span> <span class='ocrx_word' id='word_1_84' title='bbox 455 2061 550 2123; x_wconf 84' lang='lat' dir='ltr'><strong>super</strong></span> <span class='ocrx_word' id='word_1_85' title='bbox 564 2041 699 2105; x_wconf 89' lang='lat' dir='ltr'><strong>introitu</strong></span> <span class='ocrx_word' id='word_1_86' title='bbox 717 2061 811 2125; x_wconf 91' lang='lat' dir='ltr'><strong>quem</strong></span> <span class='ocrx_word' id='word_1_87' title='bbox 835 2044 867 2103; x_wconf 90' lang='lat' dir='ltr'><strong>in</strong></span> <span class='ocrx_word' id='word_1_88' title='bbox 888 2040 1050 2103; x_wconf 89' lang='lat' dir='ltr'><strong>ecclesiam</strong></span> <span class='ocrx_word' id='word_1_89' title='bbox 1074 2040 1114 2102; x_wconf 92' lang='lat' dir='ltr'><strong>de</strong></span> <span class='ocrx_word' id='word_1_90' title='bbox 1139 2038 1282 2102; x_wconf 85' lang='lat' dir='ltr'><strong>Haltona</strong></span> <span class='ocrx_word' id='word_1_91' title='bbox 1297 2060 1354 2122; x_wconf 90' lang='lat' dir='ltr'><strong>per</strong></span> 
     </span>
     <span class='ocr_line' id='line_1_14' title="bbox 401 2138 1354 2230; baseline 0 -28"><span class='ocrx_word' id='word_1_92' title='bbox 401 2162 531 2203; x_wconf 88' lang='lat' dir='ltr'><strong>manum</strong></span> <span class='ocrx_word' id='word_1_93' title='bbox 569 2142 680 2205; x_wconf 88' lang='lat' dir='ltr'><strong>laicam</strong></span> <span class='ocrx_word' id='word_1_94' title='bbox 719 2141 840 2206; x_wconf 89' lang='lat' dir='ltr'><strong>dicitnr</strong></span> <span class='ocrx_word' id='word_1_95' title='bbox 885 2139 1042 2230; x_wconf 83' lang='lat' dir='ltr'><strong>babuisse.</strong></span> <span class='ocrx_word' id='word_1_96' title='bbox 1103 2138 1354 2203; x_wconf 86' lang='lat' dir='ltr'><strong>Archidiaconus</strong></span> 
     </span>
     <span class='ocr_line' id='line_1_15' title="bbox 401 2240 1352 2329; baseline -0.003 -24"><span class='ocrx_word' id='word_1_97' title='bbox 401 2257 507 2305; x_wconf 87' lang='lat' dir='ltr'><strong>tamen</strong></span> <span class='ocrx_word' id='word_1_98' title='bbox 539 2266 634 2329; x_wconf 90' lang='lat' dir='ltr'><strong>super</strong></span> <span class='ocrx_word' id='word_1_99' title='bbox 665 2242 807 2327; x_wconf 89' lang='lat' dir='ltr'><strong>ejusdem</strong></span> <span class='ocrx_word' id='word_1_100' title='bbox 839 2240 1009 2327; x_wconf 78' lang='lat' dir='ltr'><strong>donatione</strong></span> <span class='ocrx_word' id='word_1_101' title='bbox 1039 2240 1180 2328; x_wconf 83' lang='lat' dir='ltr'><strong>ecclcsiae</strong></span> <span class='ocrx_word' id='word_1_102' title='bbox 1209 2241 1352 2318; x_wconf 77' lang='lat' dir='ltr'><strong>chartam</strong></span> 
     </span>
     <span class='ocr_line' id='line_1_16' title="bbox 398 2339 1351 2428; baseline -0.004 -23"><span class='ocrx_word' id='word_1_103' title='bbox 398 2343 539 2428; x_wconf 86' lang='lat' dir='ltr'><strong>episcopi</strong></span> <span class='ocrx_word' id='word_1_104' title='bbox 556 2343 751 2427; x_wconf 78' lang='lat' dir='ltr'><strong>proferebat.</strong></span> <span class='ocrx_word' id='word_1_105' title='bbox 800 2340 897 2406; x_wconf 92' lang='lat' dir='ltr'><strong>Vobis</strong></span> <span class='ocrx_word' id='word_1_106' title='bbox 919 2340 1028 2423; x_wconf 90' lang='lat' dir='ltr'><strong>itaque</strong></span> <span class='ocrx_word' id='word_1_107' title='bbox 1047 2362 1173 2404; x_wconf 86' lang='lat' dir='ltr'><strong>causam</strong></span> <span class='ocrx_word' id='word_1_108' title='bbox 1195 2339 1351 2424; x_wconf 87' lang='lat' dir='ltr'><strong>integram</strong></span> 
     </span>
     <span class='ocr_line' id='line_1_17' title="bbox 398 2428 1350 2507; baseline 0.014 -3"><span class='ocrx_word' id='word_1_109' title='bbox 398 2443 644 2507; x_wconf 80' lang='lat' dir='ltr'><strong>reservavimus</strong></span> <span class='ocrx_word' id='word_1_110' title='bbox 1346 2428 1350 2433; x_wconf 87' lang='lat'>.</span> 
     </span>
    </p>
   </div>
   <div class='ocr_carea' id='block_1_3' title="bbox 603 2678 1146 2740">
    <p class='ocr_par' dir='ltr' id='par_1_3' title="bbox 603 2678 1146 2740">
     <span class='ocr_line' id='line_1_18' title="bbox 603 2678 1146 2740; baseline -0.002 -2"><span class='ocrx_word' id='word_1_111' title='bbox 603 2678 824 2740; x_wconf 78' lang='lat' dir='ltr'><strong>EPISTULA</strong></span> <span class='ocrx_word' id='word_1_112' title='bbox 847 2678 977 2739; x_wconf 74' lang='lat' dir='ltr'><strong>V.—ao</strong></span> <span class='ocrx_word' id='word_1_113' title='bbox 993 2695 1146 2740; x_wconf 81' lang='lat' dir='ltr'><strong>nunonn.</strong></span> 
     </span>
    </p>
   </div>
   <div class='ocr_carea' id='block_1_4' title="bbox 666 2813 1086 2893">
    <p class='ocr_par' dir='ltr' id='par_1_4' title="bbox 666 2813 1086 2893">
     <span class='ocr_line' id='line_1_19' title="bbox 666 2813 1086 2893; baseline -0.007 -19"><span class='ocrx_word' id='word_1_114' title='bbox 666 2813 806 2874; x_wconf 81' lang='lat' dir='ltr'><strong>Domino</strong></span> <span class='ocrx_word' id='word_1_115' title='bbox 817 2833 914 2893; x_wconf 77' lang='lat' dir='ltr'><strong>pape</strong></span> <span class='ocrx_word' id='word_1_116' title='bbox 931 2813 1086 2872; x_wconf 79' lang='lat' dir='ltr'><strong>Adriane.</strong></span> 
     </span>
    </p>
   </div>
   <div class='ocr_carea' id='block_1_5' title="bbox 386 2938 1390 4439">
    <p class='ocr_par' dir='ltr' id='par_1_5' title="bbox 386 2938 1390 4439">
     <span class='ocr_line' id='line_1_20' title="bbox 444 2938 1347 3025; baseline 0 -23"><span class='ocrx_word' id='word_1_117' title='bbox 444 2943 648 3004; x_wconf 72' lang='lat' dir='ltr'><strong>Sruruuunr</strong></span> <span class='ocrx_word' id='word_1_118' title='bbox 657 2955 728 3005; x_wconf 79' lang='lat' dir='ltr'><strong>aitte</strong></span> <span class='ocrx_word' id='word_1_119' title='bbox 739 2955 878 3004; x_wconf 89' lang='lat' dir='ltr'><strong>nostram</strong></span> <span class='ocrx_word' id='word_1_120' title='bbox 892 2938 1092 3025; x_wconf 84' lang='lat' dir='ltr'><strong>praesentiam</strong></span> <span class='ocrx_word' id='word_1_121' title='bbox 1108 2939 1222 3003; x_wconf 89' lang='lat' dir='ltr'><strong>latores</strong></span> <span class='ocrx_word' id='word_1_122' title='bbox 1234 2939 1347 3002; x_wconf 91' lang='lat' dir='ltr'><strong>horum</strong></span> 
     </span>
     <span class='ocr_line' id='line_1_21' title="bbox 397 3040 1350 3126; baseline -0.001 -22"><span class='ocrx_word' id='word_1_123' title='bbox 397 3046 454 3107; x_wconf 92' lang='lat' dir='ltr'><strong>W.</strong></span> <span class='ocrx_word' id='word_1_124' title='bbox 485 3053 516 3104; x_wconf 91' lang='lat' dir='ltr'><strong>et</strong></span> <span class='ocrx_word' id='word_1_125' title='bbox 551 3040 601 3115; x_wconf 80' lang='lat' dir='ltr'><strong>R,</strong></span> <span class='ocrx_word' id='word_1_126' title='bbox 631 3063 766 3126; x_wconf 90' lang='lat' dir='ltr'><strong>quorum</strong></span> <span class='ocrx_word' id='word_1_127' title='bbox 799 3044 842 3104; x_wconf 90' lang='lat' dir='ltr'><strong>R.-</strong></span> <span class='ocrx_word' id='word_1_128' title='bbox 871 3042 1078 3126; x_wconf 89' lang='lat' dir='ltr'><strong>querebatur,</strong></span> <span class='ocrx_word' id='word_1_129' title='bbox 1110 3041 1197 3125; x_wconf 92' lang='lat' dir='ltr'><strong>quod</strong></span> <span class='ocrx_word' id='word_1_130' title='bbox 1232 3054 1350 3106; x_wconf 88' lang='lat' dir='ltr'><strong>temere</strong></span> 
     </span>
     <span class='ocr_line' id='line_1_22' title="bbox 397 3140 1347 3224; baseline -0.001 -19"><span class='ocrx_word' id='word_1_131' title='bbox 397 3145 452 3206; x_wconf 87' lang='lat' dir='ltr'><strong>W.</strong></span> <span class='ocrx_word' id='word_1_132' title='bbox 476 3165 508 3204; x_wconf 89' lang='lat' dir='ltr'><strong>se</strong></span> <span class='ocrx_word' id='word_1_133' title='bbox 537 3140 577 3204; x_wconf 89' lang='lat' dir='ltr'><strong>ab</strong></span> <span class='ocrx_word' id='word_1_134' title='bbox 602 3142 733 3206; x_wconf 89' lang='lat' dir='ltr'><strong>ecclesia</strong></span> <span class='ocrx_word' id='word_1_135' title='bbox 763 3162 820 3204; x_wconf 89' lang='lat' dir='ltr'><strong>sua</strong></span> <span class='ocrx_word' id='word_1_136' title='bbox 846 3141 1001 3204; x_wconf 91' lang='lat' dir='ltr'><strong>violenter</strong></span> <span class='ocrx_word' id='word_1_137' title='bbox 1026 3156 1056 3204; x_wconf 90' lang='lat' dir='ltr'><strong>et</strong></span> <span class='ocrx_word' id='word_1_138' title='bbox 1082 3140 1347 3224; x_wconf 83' lang='lat' dir='ltr'><strong>absque&#39;ordine</strong></span> 
     </span>
     <span class='ocr_line' id='line_1_23' title="bbox 386 3240 1345 3335; baseline 0.002 -30"><span class='ocrx_word' id='word_1_139' title='bbox 386 3242 560 3328; x_wconf 86' lang='lat' dir='ltr'><strong>judiciario</strong></span> <span class='ocrx_word' id='word_1_140' title='bbox 572 3244 758 3335; x_wconf 78' lang='lat' dir='ltr'><strong>expulisset,</strong></span> <span class='ocrx_word' id='word_1_141' title='bbox 772 3265 828 3328; x_wconf 89' lang='lat' dir='ltr'><strong>per</strong></span> <span class='ocrx_word' id='word_1_142' title='bbox 840 3253 1043 3329; x_wconf 88' lang='lat' dir='ltr'><strong>potentatum</strong></span> <span class='ocrx_word' id='word_1_143' title='bbox 1057 3240 1182 3306; x_wconf 86' lang='lat' dir='ltr'><strong>comitis</strong></span> <span class='ocrx_word' id='word_1_144' title='bbox 1195 3243 1345 3317; x_wconf 89' lang='lat' dir='ltr'><strong>Simonis,</strong></span> 
     </span>
     <span class='ocr_line' id='line_1_24' title="bbox 391 3342 1345 3430; baseline 0.004 -25"><span class='ocrx_word' id='word_1_145' title='bbox 391 3344 426 3406; x_wconf 91' lang='lat' dir='ltr'><strong>in</strong></span> <span class='ocrx_word' id='word_1_146' title='bbox 441 3346 534 3428; x_wconf 84' lang='lat' dir='ltr'><strong>cujus</strong></span> <span class='ocrx_word' id='word_1_147' title='bbox 551 3345 732 3409; x_wconf 89' lang='lat' dir='ltr'><strong>ulteriorem</strong></span> <span class='ocrx_word' id='word_1_148' title='bbox 756 3343 1004 3406; x_wconf 85' lang='lat' dir='ltr'><strong>familiaritatem</strong></span> <span class='ocrx_word' id='word_1_149' title='bbox 1028 3346 1068 3406; x_wconf 90' lang='lat' dir='ltr'><strong>R.</strong></span> <span class='ocrx_word' id='word_1_150' title='bbox 1092 3342 1257 3408; x_wconf 89' lang='lat' dir='ltr'><strong>dicebatur</strong></span> <span class='ocrx_word' id='word_1_151' title='bbox 1272 3367 1345 3430; x_wconf 91' lang='lat' dir='ltr'><strong>pro-</strong></span> 
     </span>
     <span class='ocr_line' id='line_1_25' title="bbox 391 3443 1344 3531; baseline 0.004 -25"><span class='ocrx_word' id='word_1_152' title='bbox 391 3459 508 3520; x_wconf 89' lang='lat' dir='ltr'><strong>motus,</strong></span> <span class='ocrx_word' id='word_1_153' title='bbox 534 3466 637 3531; x_wconf 89' lang='lat' dir='ltr'><strong>neque</strong></span> <span class='ocrx_word' id='word_1_154' title='bbox 661 3446 720 3508; x_wconf 91' lang='lat' dir='ltr'><strong>hac</strong></span> <span class='ocrx_word' id='word_1_155' title='bbox 743 3443 913 3528; x_wconf 86' lang='lat' dir='ltr'><strong>iniquitate</strong></span> <span class='ocrx_word' id='word_1_156' title='bbox 939 3457 1117 3520; x_wconf 90' lang='lat' dir='ltr'><strong>contentus,</strong></span> <span class='ocrx_word' id='word_1_157' title='bbox 1144 3444 1344 3527; x_wconf 91' lang='lat' dir='ltr'><strong>postmodum</strong></span> 
     </span>
     <span class='ocr_line' id='line_1_26' title="bbox 390 3542 1344 3630; baseline 0 -23"><span class='ocrx_word' id='word_1_158' title='bbox 390 3567 449 3628; x_wconf 87' lang='lat' dir='ltr'><strong>per</strong></span> <span class='ocrx_word' id='word_1_159' title='bbox 463 3544 652 3609; x_wconf 88' lang='lat' dir='ltr'><strong>temeritatis</strong></span> <span class='ocrx_word' id='word_1_160' title='bbox 668 3567 733 3608; x_wconf 81' lang='lat' dir='ltr'><strong>suae</strong></span> <span class='ocrx_word' id='word_1_161' title='bbox 749 3542 887 3608; x_wconf 85' lang='lat' dir='ltr'><strong>lautores</strong></span> <span class='ocrx_word' id='word_1_162' title='bbox 902 3544 1040 3606; x_wconf 90' lang='lat' dir='ltr'><strong>eundem</strong></span> <span class='ocrx_word' id='word_1_163' title='bbox 1062 3545 1286 3630; x_wconf 87' lang='lat' dir='ltr'><strong>presbyterum</strong></span> <span class='ocrx_word' id='word_1_164' title='bbox 1311 3546 1344 3607; x_wconf 91' lang='lat' dir='ltr'><strong>in</strong></span> 
     </span>
     <span class='ocr_line' id='line_1_27' title="bbox 388 3644 1345 3726; baseline 0.002 -17"><span class='ocrx_word' id='word_1_165' title='bbox 388 3645 520 3710; x_wconf 82' lang='lat' dir='ltr'><strong>alterius</strong></span> <span class='ocrx_word' id='word_1_166' title='bbox 551 3647 693 3709; x_wconf 85' lang='lat' dir='ltr'><strong>ecclesiae</strong></span> <span class='ocrx_word' id='word_1_167' title='bbox 723 3668 790 3708; x_wconf 88' lang='lat' dir='ltr'><strong>suae</strong></span> <span class='ocrx_word' id='word_1_168' title='bbox 819 3645 1004 3726; x_wconf 88' lang='lat' dir='ltr'><strong>coemeterio</strong></span> <span class='ocrx_word' id='word_1_169' title='bbox 1031 3644 1154 3709; x_wconf 86' lang='lat' dir='ltr'><strong>invasit.</strong></span> <span class='ocrx_word' id='word_1_170' title='bbox 1211 3645 1345 3711; x_wconf 81' lang='lat' dir='ltr'><strong>Eductis</strong></span> 
     </span>
     <span class='ocr_line' id='line_1_28' title="bbox 388 3745 1343 3832; baseline 0.003 -24"><span class='ocrx_word' id='word_1_171' title='bbox 388 3745 500 3832; x_wconf 85' lang='lat' dir='ltr'><strong>itaque</strong></span> <span class='ocrx_word' id='word_1_172' title='bbox 515 3746 670 3811; x_wconf 90' lang='lat' dir='ltr'><strong>sociorum</strong></span> <span class='ocrx_word' id='word_1_173' title='bbox 685 3745 811 3830; x_wconf 84' lang='lat' dir='ltr'><strong>gladiis,</strong></span> <span class='ocrx_word' id='word_1_174' title='bbox 828 3748 990 3830; x_wconf 89' lang='lat' dir='ltr'><strong>tensisque</strong></span> <span class='ocrx_word' id='word_1_175' title='bbox 1014 3747 1151 3809; x_wconf 91' lang='lat' dir='ltr'><strong>arcubus</strong></span> <span class='ocrx_word' id='word_1_176' title='bbox 1166 3761 1198 3810; x_wconf 89' lang='lat' dir='ltr'><strong>ct</strong></span> <span class='ocrx_word' id='word_1_177' title='bbox 1215 3749 1343 3830; x_wconf 78' lang='lat' dir='ltr'><strong>paratiS,</strong></span> 
     </span>
     <span class='ocr_line' id='line_1_29' title="bbox 389 3846 1342 3932; baseline 0.004 -24"><span class='ocrx_word' id='word_1_178' title='bbox 389 3846 524 3932; x_wconf 83' lang='lat' dir='ltr'><strong>ipsemet</strong></span> <span class='ocrx_word' id='word_1_179' title='bbox 551 3849 582 3910; x_wconf 91' lang='lat' dir='ltr'><strong>in</strong></span> <span class='ocrx_word' id='word_1_180' title='bbox 610 3869 707 3911; x_wconf 91' lang='lat' dir='ltr'><strong>manu</strong></span> <span class='ocrx_word' id='word_1_181' title='bbox 731 3850 871 3911; x_wconf 87' lang='lat' dir='ltr'><strong>lanceam</strong></span> <span class='ocrx_word' id='word_1_182' title='bbox 899 3861 1027 3930; x_wconf 86' lang='lat' dir='ltr'><strong>gestans</strong></span> <span class='ocrx_word' id='word_1_183' title='bbox 1053 3868 1159 3907; x_wconf 88' lang='lat' dir='ltr'><strong>necem</strong></span> <span class='ocrx_word' id='word_1_184' title='bbox 1187 3862 1342 3912; x_wconf 88' lang='lat' dir='ltr'><strong>maturam</strong></span> 
     </span>
     <span class='ocr_line' id='line_1_30' title="bbox 388 3944 1344 4030; baseline 0 -17"><span class='ocrx_word' id='word_1_185' title='bbox 388 3948 655 4030; x_wconf 86' lang='lat' dir='ltr'><strong>comminabatur,</strong></span> <span class='ocrx_word' id='word_1_186' title='bbox 671 3949 731 4012; x_wconf 87' lang='lat' dir='ltr'><strong>nisi</strong></span> <span class='ocrx_word' id='word_1_187' title='bbox 755 3946 964 4013; x_wconf 86' lang='lat' dir='ltr'><strong>incontinenti</strong></span> <span class='ocrx_word' id='word_1_188' title='bbox 987 3944 1082 4009; x_wconf 87' lang='lat' dir='ltr'><strong>fidem</strong></span> <span class='ocrx_word' id='word_1_189' title='bbox 1104 3947 1194 4011; x_wconf 89' lang='lat' dir='ltr'><strong>daret</strong></span> <span class='ocrx_word' id='word_1_190' title='bbox 1217 3969 1249 4010; x_wconf 88' lang='lat' dir='ltr'><strong>se</strong></span> <span class='ocrx_word' id='word_1_191' title='bbox 1271 3959 1344 4013; x_wconf 88' lang='lat' dir='ltr'><strong>ante</strong></span> 
     </span>
     <span class='ocr_line' id='line_1_31' title="bbox 388 4049 1390 4134; baseline 0.001 -21"><span class='ocrx_word' id='word_1_192' title='bbox 388 4050 648 4114; x_wconf 80' lang='lat' dir='ltr'><strong>archidiaconum</strong></span> <span class='ocrx_word' id='word_1_193' title='bbox 667 4065 849 4126; x_wconf 88' lang='lat' dir='ltr'><strong>venturum,</strong></span> <span class='ocrx_word' id='word_1_194' title='bbox 866 4049 974 4134; x_wconf 76' lang='lat' dir='ltr'><strong>ibique</strong></span> <span class='ocrx_word' id='word_1_195' title='bbox 998 4060 1182 4110; x_wconf 74' lang='lat' dir='ltr'><strong>memoratae</strong></span> <span class='ocrx_word' id='word_1_196' title='bbox 1204 4049 1344 4114; x_wconf 85' lang='lat' dir='ltr'><strong>ecclesiae</strong></span> <span class='ocrx_word' id='word_1_197' title='bbox 1383 4058 1390 4070; x_wconf 83' lang='lat'><strong><em>‘</em></strong></span> 
     </span>
     <span class='ocr_line' id='line_1_32' title="bbox 387 4150 1344 4234; baseline -0.003 -18"><span class='ocrx_word' id='word_1_198' title='bbox 387 4152 663 4219; x_wconf 81' lang='lat' dir='ltr'><strong>retrunciaturum.</strong></span> <span class='ocrx_word' id='word_1_199' title='bbox 709 4154 905 4218; x_wconf 84' lang='lat' dir='ltr'><strong>Sacramenti</strong></span> <span class='ocrx_word' id='word_1_200' title='bbox 922 4151 1033 4234; x_wconf 87' lang='lat' dir='ltr'><strong>itaque</strong></span> <span class='ocrx_word' id='word_1_201' title='bbox 1046 4150 1219 4213; x_wconf 87' lang='lat' dir='ltr'><strong>reverentia</strong></span> <span class='ocrx_word' id='word_1_202' title='bbox 1236 4165 1344 4215; x_wconf 89' lang='lat' dir='ltr'><strong>tentus</strong></span> 
     </span>
     <span class='ocr_line' id='line_1_33' title="bbox 388 4250 1341 4339; baseline -0.004 -20"><span class='ocrx_word' id='word_1_203' title='bbox 388 4278 447 4319; x_wconf 81' lang='lat' dir='ltr'><strong>nec</strong></span> <span class='ocrx_word' id='word_1_204' title='bbox 470 4277 531 4318; x_wconf 90' lang='lat' dir='ltr'><strong>non</strong></span> <span class='ocrx_word' id='word_1_205' title='bbox 555 4267 587 4317; x_wconf 89' lang='lat' dir='ltr'><strong>et</strong></span> <span class='ocrx_word' id='word_1_206' title='bbox 609 4253 845 4339; x_wconf 82' lang='lat' dir='ltr'><strong>impressionem</strong></span> <span class='ocrx_word' id='word_1_207' title='bbox 870 4250 1041 4316; x_wconf 88' lang='lat' dir='ltr'><strong>adversarii</strong></span> <span class='ocrx_word' id='word_1_208' title='bbox 1068 4251 1216 4335; x_wconf 86' lang='lat' dir='ltr'><strong>potentis,</strong></span> <span class='ocrx_word' id='word_1_209' title='bbox 1246 4272 1341 4337; x_wconf 89' lang='lat' dir='ltr'><strong>quern</strong></span> 
     </span>
     <span class='ocr_line' id='line_1_34' title="bbox 386 4353 1343 4439; baseline -0.005 -20"><span class='ocrx_word' id='word_1_210' title='bbox 386 4378 452 4419; x_wconf 90' lang='lat' dir='ltr'><strong>non</strong></span> <span class='ocrx_word' id='word_1_211' title='bbox 476 4367 599 4439; x_wconf 85' lang='lat' dir='ltr'><strong>poterat</strong></span> <span class='ocrx_word' id='word_1_212' title='bbox 623 4356 682 4420; x_wconf 90' lang='lat' dir='ltr'><strong>nisi</strong></span> <span class='ocrx_word' id='word_1_213' title='bbox 706 4378 778 4418; x_wconf 90' lang='lat' dir='ltr'><strong>cum</strong></span> <span class='ocrx_word' id='word_1_214' title='bbox 801 4354 903 4438; x_wconf 88' lang='lat' dir='ltr'><strong>patria</strong></span> <span class='ocrx_word' id='word_1_215' title='bbox 922 4353 1074 4435; x_wconf 82' lang='lat' dir='ltr'><strong>effugere,</strong></span> <span class='ocrx_word' id='word_1_216' title='bbox 1091 4361 1244 4429; x_wconf 84' lang='lat' dir='ltr'><strong>metucns,</strong></span> <span class='ocrx_word' id='word_1_217' title='bbox 1261 4355 1343 4416; x_wconf 89' lang='lat' dir='ltr'><strong>sicut</strong></span> 
     </span>
    </p>
   </div>
   <div class='ocr_carea' id='block_1_6' title="bbox 0 0 1838 5475">
    <p class='ocr_par' dir='ltr' id='par_1_6' title="bbox 0 0 1838 5475">
     <span class='ocr_line' id='line_1_35' title="bbox 0 0 1838 5475; baseline 0 8"><span class='ocrx_word' id='word_1_218' title='bbox 0 0 1838 5475; x_wconf 95' lang='lat' dir='ltr'><strong> </strong></span> 
     </span>
    </p>
   </div>
  </div>
 </body>
</html>
