3667 5475
505 788 568 848 ast
760 800 898 845 noturus
914 795 1194 843 sunnennruuusrs
1366 779 1413 852 [a.
1432 800 1465 842 n.

506 1073 727 1139 EPISTOLA
761 1071 1031 1135 cmxvi-m
1057 1088 1203 1132 ruouru
1230 1087 1467 1133 crurnsnrnu-

804 1190 882 1234 suu.
930 1170 1153 1250 [r.n.1166.]

663 1310 804 1371 Domino
821 1306 1066 1379 cantuariensi,
1079 1306 1175 1368 Joau.
1193 1306 1299 1367 Saros.

545 1444 629 1505 Ersr
652 1451 773 1504 certum
795 1440 837 1501 sit
858 1437 946 1522 quod
969 1438 1115 1520 episcopi
1136 1437 1178 1500 ad
1200 1437 1457 1503 inobedientiam

503 1543 606 1627 proni,
615 1551 647 1605 et
662 1551 804 1623 pastores
818 1549 989 1622 pascentes
1004 1539 1138 1620 seipsos,
1148 1539 1204 1621 qui
1216 1559 1324 1601 amore
1336 1540 1459 1623 quietis

505 1655 537 1707 et
550 1645 657 1717 luxus,
674 1652 706 1703 et
719 1639 943 1724 temporalium
958 1650 1045 1701 metu
1069 1639 1256 1702 damnorum
1275 1640 1376 1723 impio
1398 1642 1461 1704 im·

506 1744 660 1827 pietatem
675 1762 764 1804 suam
780 1740 971 1803 annuntiare
987 1739 1178 1817 detractant,
1187 1739 1229 1803 ad
1244 1760 1373 1803 omnem
1386 1743 1465 1805 sub·

433 1861 436 1865 ⁴
508 1846 683 1909 versionem
704 1842 799 1926 juris,
820 1851 853 1903 ct
878 1841 1005 1929 singula
1027 1839 1216 1923 praejudicia
1239 1842 1463 1918 ecclesiarum,

509 1945 654 2009 dicentes
669 1944 774 2024 Euge,
790 1940 904 2024 Euge!
930 1964 964 2005 se
980 1941 1020 2004 de
1040 1955 1155 2005 caetero
1178 1941 1330 2005 adversus
1352 1944 1465 2007 omnia

508 2045 658 2109 mandata
672 2055 787 2121 vestra,
801 2055 835 2107 et
849 2044 945 2107 etiam
962 2044 1155 2127 apostolicas
1173 2044 1368 2121 sanctiones,
1385 2066 1463 2129 qua-

508 2156 603 2207 tenus
618 2144 664 2205 eis
680 2142 889 2226 displicuerit,
905 2146 966 2205 sub
986 2154 1143 2225 praetcxtu
1159 2143 1384 2226 appellationis
1406 2166 1465 2208 cx-

509 2245 619 2306 hibitae
629 2243 710 2306 tueri
725 2258 918 2326 proponant,
930 2243 1086 2326 expedire
1098 2258 1204 2324 tamen
1217 2246 1361 2323 arbitror,
1373 2257 1411 2310 ut
1421 2247 1465 2314 de

509 2343 622 2405 vestris
636 2343 843 2424 suffraganeis
859 2345 964 2407 statim
982 2346 1009 2407 si
1025 2344 1094 2407 fieri
1110 2356 1227 2428 potest,
1242 2346 1366 2429 aliquos
1391 2368 1465 2410 evo·

509 2444 599 2523 cetis,
613 2445 662 2507 rel
678 2443 842 2507 audituros
859 2444 980 2507 domini
1002 2465 1097 2529 papae
1117 2445 1315 2521 mandatum,
1330 2458 1385 2510 aut
1411 2470 1465 2510 vo·

510 2546 635 2610 biscum
660 2546 700 2610 de
723 2557 807 2610 statu
828 2547 1070 2611 Cantuariensis
1092 2549 1238 2611 ecclesia
1261 2559 1465 2624 tractaturos,

511 2658 566 2713 aut
590 2649 654 2712 alia
674 2648 873 2711 evocationis
897 2669 1007 2712 eorum
1031 2670 1129 2713 causa
1151 2651 1324 2733 proposita,
1352 2652 1468 2737 siqua

511 2750 604 2814 vobis
619 2763 651 2815 et
665 2751 716 2813 his
731 2753 787 2835 qui
799 2753 963 2815 vobiscum
977 2764 1063 2829 sunt,
1074 2755 1247 2816 occurrerit
1256 2749 1467 2818 commodior.

512 2853 1468 2938 Quumenimjamappellaverint,quodsortassejamdomino

511 2975 605 3036 papae
620 2955 836 3034 significatum
852 2965 910 3031 est,
927 2955 1007 3017 etin
1022 2957 1172 3018 omnibus
1187 2957 1254 3037 regi
1269 2978 1327 3019 suo
1343 2959 1468 3021 obtem·

511 3066 634 3137 perant,
649 3076 715 3116 non
730 3055 824 3117 video
837 3056 877 3118 de
893 3067 1009 3118 caetero
1025 3079 1123 3140 quare
1140 3059 1336 3141 colloquium
1355 3080 1467 3122 eorum

513 3168 658 3238 oporteat
680 3157 801 3233 evitari,
818 3157 875 3219 sed
890 3179 996 3241 neque
1018 3159 1110 3238 regis.
1156 3158 1268 3222 Credo
1277 3161 1364 3222 enim
1380 3162 1468 3244 quod

512 3270 599 3318 metu
612 3258 732 3318 laboris
747 3279 841 3340 quem
864 3259 998 3322 subituri
1020 3272 1105 3337 sunt,
1120 3273 1153 3324 et
1174 3272 1360 3344 sumptuum
1383 3268 1468 3344 quos

513 3357 1469 3444 verentur‚etobimminentiumpericuloruruinstantiam,et

514 3455 646 3518 dubium
667 3478 772 3520 causae
793 3470 953 3534 eventum,
970 3465 1044 3542 paci
1059 3464 1215 3539 ecclesiae,
1232 3475 1263 3524 et
1278 3465 1467 3527 reconcilia-

512 3558 591 3620 tioni
606 3569 717 3620 vestrae¹
737 3559 968 3641 diligentiorem
992 3582 1117 3645 operam
1144 3564 1285 3638 dabunt3
1308 3565 1385 3646 quia
1403 3587 1465 3628 nec

510 3684 607 3724 unum
629 3685 738 3725 eorum
760 3664 874 3744 opinor
895 3665 1046 3740 inveniri,
1062 3687 1156 3748 quem
1179 3677 1227 3728 tot
1248 3676 1279 3728 et
1301 3676 1462 3729 tantarum

512 3764 811 3828 incommoditatum
834 3765 1002 3847 dispendia
1023 3767 1127 3830 subire
1148 3788 1213 3829 non
1234 3767 1352 3850 pigeat.
1376 3769 1422 3829 Et
1441 3769 1466 3830 si

514 3865 782 3928 transfretaverint
809 3865 942 3929 fortasse
973 3867 1134 3930 mediante
1163 3868 1365 3951 imperatrice
1398 3889 1466 3949 pax

514 3967 659 4028 ecclesiae
689 3968 919 4043 reformabitur,
944 3982 998 4030 aut
1028 3967 1169 4031 Domino
1199 3970 1337 4052 propitio
1368 3990 1467 4032 causa

513 4076 616 4126 vestra
624 4067 657 4126 in
668 4069 790 4129 meliori
802 4069 926 4130 calculo
941 4069 1144 4152 relinquetur.
1176 4072 1280 4132 Instat
1289 4071 1375 4133 enim
1385 4081 1463 4132 tem-

516 4185 587 4244 puS,
604 4176 639 4226 ut
654 4167 753 4242 aiunt,
769 4189 832 4249 quo
849 4171 968 4252 Aquila
982 4171 1068 4251 rupti
1077 4169 1219 4246 sedens,
1226 4170 1324 4252 juxta
1334 4172 1468 4233 Merlini

472 4313 501 4368 ι
515 4263 711 4341 vaticinium,
735 4268 865 4328 sumnum
889 4270 1077 4332 deauratura
1103 4284 1161 4345 est,
1184 4271 1270 4353 quod
1293 4292 1370 4353 apro
1394 4271 1463 4354 ejus

516 4366 620 4445 datur,
639 4379 693 4430 aut
711 4368 805 4430 modo
828 4369 1002 4433 fabricatur
1022 4373 1054 4433 in
1078 4373 1148 4435 sinu
1171 4374 1344 4436 Armorico.
1384 4373 1467 4436 Nam
