3667 5475
445 778 487 837 80
700 788 835 835 sciurus
851 786 1131 831 ssnasunaruusis
1305 769 1351 847 [s.
1371 788 1402 832 o.

448 964 529 1020 rum,
544 954 575 1006 et
591 940 731 1005 omnium
753 939 931 1024 exploravit
954 936 1127 1000 nobiscum.
1144 943 1148 949 '
1164 937 1208 999 Et
1229 960 1303 1021 quae
1323 940 1405 1002 acci-

446 1042 541 1128 pietis
556 1045 596 1109 ab
619 1067 667 1118 eo,
682 1042 722 1105 de
744 1054 852 1104 nostro
872 1051 1000 1124 pectore
1018 1037 1203 1123 processisse
1225 1059 1287 1101 non
1308 1038 1406 1105 dubi.

446 1148 530 1209 tetis.
556 1147 623 1209 Eos
639 1144 729 1208 vobis
743 1141 1011 1213 commendamus,
1024 1151 1172 1223 rogantes
1187 1141 1351 1222 attentius,
1365 1154 1403 1206 ut

445 1269 595 1332 personas
613 1269 735 1324 eorum,
756 1245 782 1308 si
804 1243 918 1329 placet,
941 1240 1174 1308 commendatas
1195 1241 1349 1317 habeatis,
1369 1256 1401 1308 et

444 1359 575 1426 nostras,
596 1348 723 1433 quasin
745 1345 889 1409 manibus
910 1357 984 1408 sunt
1004 1365 1123 1422 eorum,
1144 1344 1323 1428 petitiones,
1346 1345 1401 1409 be-

444 1450 539 1533 nigne
553 1448 741 1515 admittatis.

587 1673 815 1740 EPISTOLA
840 1668 1078 1734 LXIV.*-so
1094 1690 1244 1734 nonnum.

485 1814 591 1877 Arion
606 1810 756 1874 fiduciam
772 1809 866 1894 parit,
883 1820 915 1871 et
937 1805 1024 1891 apud
1040 1827 1112 1868 euru
1134 1828 1229 1889 quern
1246 1806 1397 1870 ardenter

441 1928 538 1989 amat,
553 1911 731 1976 fiducialius
752 1933 844 1995 agere
861 1911 1033 1973 consuevit.
1064 1910 1136 1985 Quo
1150 1922 1257 1971 autem
1277 1908 1395 1972 affectu

440 2038 496 2077 vos
507 2036 630 2099 semper
639 2017 821 2089 amaverim,
831 2011 980 2096 operibus
989 2033 1086 2097 quam
1101 2010 1205 2074 verbis
1215 2011 1394 2086 ostendere,

440 2138 563 2202 semper
577 2114 741 2178 honestius
755 2126 785 2177 et
800 2113 909 2177 utilius
925 2113 1084 2199 reputavi,
1097 2135 1198 2198 quum
1215 2126 1320 2177 tamen
1332 2138 1393 2200 pro

439 2227 512 2279 voto
523 2237 696 2301 numquam
713 2216 862 2279 affectum
873 2215 1005 2301 implere
1020 2215 1186 2300 potuerim.
1212 2215 1274 2292 Qui
1286 2218 1395 2281 omnia

438 2318 527 2381 novit
549 2316 626 2381 milri
649 2317 791 2381 conscius
812 2328 870 2395 est,
890 2318 977 2403 quod
999 2317 1138 2391 devotio,
1162 2339 1257 2402 quam
1280 2318 1313 2379 in
1337 2341 1395 2382 vos

436 2418 546 2496 habui,
564 2417 644 2482 vires
658 2441 743 2482 meas
758 2441 881 2504 semper
897 2419 1041 2483 excessit.
1067 2419 1166 2504 Spero
1180 2418 1287 2503 itaque
1303 2420 1393 2504 quod

439 2537 471 2585 et
487 2520 634 2605 majestas
656 2533 759 2585 vestra
772 2522 805 2585 in
828 2520 942 2586 affectu
963 2521 1140 2585 dulcedinis
1160 2520 1393 2586 condescendet

441 2620 530 2698 mihi,
549 2634 580 2686 et
604 2622 745 2708 parvulis
768 2622 854 2688 meis.
899 2626 945 2687 Et
966 2623 1097 2708 quidem
1120 2645 1227 2686 omnes
1248 2623 1395 2687 alumnos

438 2748 524 2791 meos
546 2748 596 2790 me
615 2725 738 2812 pridem
755 2724 845 2790 vobis
860 2725 988 2789 memini
1011 2725 1254 2790 commendasse.
1292 2730 1393 2790 Nunc

438 2842 545 2894 autem
561 2851 635 2892 eum
658 2828 748 2892 vobis
762 2825 948 2892 commendo
971 2849 1038 2914 prae
1057 2827 1188 2903 caeteris,
1209 2828 1313 2914 quiin
1336 2829 1394 2894 ob-

437 2930 549 3016 sequio
563 2954 633 2994 meo
645 2953 712 3016 prae
727 2933 852 2994 caeteris
864 2929 1031 3010 laboravit,
1045 2942 1077 2993 et
1093 2930 1257 2994 minimum
1269 2931 1393 3015 accepit

436 3032 476 3096 de
498 3054 593 3096 manu
616 3055 695 3106 mea,
718 3054 821 3117 quum
844 3032 1023 3097 sinceritate
1045 3033 1119 3096 fidei
1141 3046 1173 3098 et
1195 3034 1391 3098 exhibitione

434 3137 539 3221 operis
554 3135 704 3198 meruerit
720 3134 907 3219 plurimum.
938 3137 990 3201 Ad
1006 3136 1102 3221 pedes
1124 3160 1200 3222 ergo
1215 3137 1391 3203 clementiae

437 3249 551 3301 vestrae
574 3240 754 3323 provolvor,
778 3249 896 3318 quanta
923 3261 1051 3323 possum
1078 3238 1245 3302 devotione
1269 3240 1392 3326 suppli-

435 3360 520 3412 cans,
537 3350 572 3401 ut
594 3359 667 3400 eum
689 3336 943 3404 commendatum
967 3341 1118 3417 habeatis,
1135 3340 1258 3426 ipsique
1281 3364 1388 3407 meum

434 3437 594 3502 defectum
618 3439 765 3525 suppleat
788 3441 995 3526 benignitatis
1020 3456 1136 3518 vestra,
1159 3458 1190 3508 et
1213 3466 1313 3528 quum
1338 3467 1389 3507 me

433 3539 583 3615 amiserit,
598 3541 626 3604 ei
642 3564 700 3626 pro
720 3566 770 3606 me
785 3544 935 3608 serenitas
957 3559 1071 3621 vestra,
1088 3549 1114 3610 si
1129 3545 1243 3631 placet,
1259 3569 1389 3630 respon-

433 3638 507 3702 deat
517 3640 550 3703 in
562 3641 678 3706 affectu
691 3642 879 3718 dulcedinis,
891 3656 924 3708 et
935 3644 1146 3709 consolatione
1159 3644 1258 3730 patris
1269 3645 1386 3709 amissi.

435 3743 469 3806 Is
484 3754 531 3807 est
541 3746 563 3810 J
564 3766 680 3807 oannes
695 3743 735 3807 de
748 3745 815 3809 Sar.
827 3767 922 3830 quem
937 3746 1049 3830 utique
1059 3746 1112 3810 alii
1124 3746 1388 3823 commendarem,

432 3845 456 3907 si
471 3846 568 3912 alium
585 3847 667 3911 inter
681 3847 797 3912 amicos
812 3864 842 3913 et
858 3849 1003 3912 dominos
1020 3849 1165 3913 haberem
1184 3849 1350 3935 potiorem.

565 4052 805 4115 EPISTOLA
830 4056 1090 4122 LXIV.**-su
1106 4077 1258 4122 nuunnu.

476 4183 655 4250 NUMQUAM
682 4183 812 4247 satisfiet
843 4187 875 4248 in
906 4210 1001 4251 carne
1031 4188 1187 4251 desiderio
1219 4212 1298 4267 meo,
1326 4191 1386 4255 nisi

343 4366 345 4371 Ι
432 4279 727 4345 desideratissimam
745 4283 855 4348 faciem
873 4301 1009 4351 vestram
1026 4290 1102 4352 mihi
1119 4290 1152 4352 in
1169 4313 1261 4353 carne
1278 4290 1387 4355 videre

431 4381 607 4467 contigerit.
626 4383 773 4449 Dimittet
788 4399 853 4449 tum
869 4385 899 4448 in
911 4409 987 4471 pace
998 4389 1157 4452 servulum
1169 4414 1261 4454 suurn
1277 4390 1391 4456 Chris-
