<?xml version="1.0" encoding="UTF-8"?>
<!DOCTYPE html PUBLIC "-//W3C//DTD XHTML 1.0 Transitional//EN"
    "http://www.w3.org/TR/xhtml1/DTD/xhtml1-transitional.dtd">
<html xmlns="http://www.w3.org/1999/xhtml" xml:lang="en" lang="en">
 <head>
  <title>
</title>
<meta http-equiv="Content-Type" content="text/html;charset=utf-8" />
  <meta name='ocr-system' content='tesseract 3.04.00' />
  <meta name='ocr-capabilities' content='ocr_page ocr_carea ocr_par ocr_line ocrx_word'/>
</head>
<body>
  <div class='ocr_page' id='page_1' title='image "./operaomnianuncp03johngoog_0270.png"; bbox 0 0 3667 5475; ppageno 0'>
   <div class='ocr_carea' id='block_1_1' title="bbox 443 773 1393 853">
    <p class='ocr_par' dir='ltr' id='par_1_1' title="bbox 443 773 1393 853">
     <span class='ocr_line' id='line_1_1' title="bbox 443 773 1393 853; baseline -0.001 -15"><span class='ocrx_word' id='word_1_1' title='bbox 443 778 508 840; x_wconf 68' lang='lat'><strong>260</strong></span> <span class='ocrx_word' id='word_1_2' title='bbox 694 789 829 834; x_wconf 78' lang='lat' dir='ltr'><strong>soannrs</strong></span> <span class='ocrx_word' id='word_1_3' title='bbox 848 788 1128 835; x_wconf 77' lang='lat' dir='ltr'><strong>saansusaransrs</strong></span> <span class='ocrx_word' id='word_1_4' title='bbox 1307 773 1351 853; x_wconf 76' lang='lat' dir='ltr'><strong>[a.</strong></span> <span class='ocrx_word' id='word_1_5' title='bbox 1364 792 1393 837; x_wconf 88' lang='lat' dir='ltr'><strong>n.</strong></span> 
     </span>
    </p>
   </div>
   <div class='ocr_carea' id='block_1_2' title="bbox 439 941 1478 1738">
    <p class='ocr_par' dir='ltr' id='par_1_2' title="bbox 439 941 1478 1738">
     <span class='ocr_line' id='line_1_2' title="bbox 440 941 1478 1026; baseline 0.004 -19"><span class='ocrx_word' id='word_1_6' title='bbox 440 944 594 1022; x_wconf 76' lang='lat' dir='ltr'>devoveo,</span> <span class='ocrx_word' id='word_1_7' title='bbox 629 941 821 1026; x_wconf 80' lang='lat' dir='ltr'><strong>quandoque</strong></span> <span class='ocrx_word' id='word_1_8' title='bbox 860 942 1023 1005; x_wconf 81' lang='lat' dir='ltr'><strong>devotioni</strong></span> <span class='ocrx_word' id='word_1_9' title='bbox 1058 953 1228 1026; x_wconf 73' lang='lat' dir='ltr'><strong>promptae,</strong></span> <span class='ocrx_word' id='word_1_10' title='bbox 1263 954 1391 1010; x_wconf 83' lang='lat' dir='ltr'><strong>auctore</strong></span> <span class='ocrx_word' id='word_1_11' title='bbox 1476 1018 1478 1021; x_wconf 13' lang='lat' dir='ltr'>v</span> 
     </span>
     <span class='ocr_line' id='line_1_3' title="bbox 441 1044 1394 1132; baseline 0.005 -25"><span class='ocrx_word' id='word_1_12' title='bbox 441 1045 593 1122; x_wconf 92' lang='lat' dir='ltr'><strong>Domino,</strong></span> <span class='ocrx_word' id='word_1_13' title='bbox 608 1044 810 1108; x_wconf 88' lang='lat' dir='ltr'><strong>exhibiturus</strong></span> <span class='ocrx_word' id='word_1_14' title='bbox 830 1047 989 1108; x_wconf 83' lang='lat' dir='ltr'><strong>effectum.</strong></span> <span class='ocrx_word' id='word_1_15' title='bbox 1036 1046 1126 1108; x_wconf 89' lang='lat' dir='ltr'><strong>Deus</strong></span> <span class='ocrx_word' id='word_1_16' title='bbox 1148 1057 1254 1109; x_wconf 87' lang='lat' dir='ltr'><strong>autem</strong></span> <span class='ocrx_word' id='word_1_17' title='bbox 1269 1050 1394 1132; x_wconf 91' lang='lat' dir='ltr'><strong>procul·</strong></span> 
     </span>
     <span class='ocr_line' id='line_1_4' title="bbox 440 1146 1393 1227; baseline 0.004 -17"><span class='ocrx_word' id='word_1_18' title='bbox 440 1146 539 1211; x_wconf 93' lang='lat' dir='ltr'><strong>dubio</strong></span> <span class='ocrx_word' id='word_1_19' title='bbox 563 1156 675 1210; x_wconf 70' lang='lat' dir='ltr'><strong>vestras</strong></span> <span class='ocrx_word' id='word_1_20' title='bbox 698 1146 838 1211; x_wconf 89' lang='lat' dir='ltr'><strong>caritatis</strong></span> <span class='ocrx_word' id='word_1_21' title='bbox 859 1148 1075 1211; x_wconf 82' lang='lat' dir='ltr'><strong>remunerabit</strong></span> <span class='ocrx_word' id='word_1_22' title='bbox 1096 1150 1250 1227; x_wconf 87' lang='lat' dir='ltr'><strong>officium,</strong></span> <span class='ocrx_word' id='word_1_23' title='bbox 1265 1158 1299 1214; x_wconf 83' lang='lat' dir='ltr'><strong>et</strong></span> <span class='ocrx_word' id='word_1_24' title='bbox 1319 1149 1393 1214; x_wconf 89' lang='lat' dir='ltr'><strong>licet</strong></span> 
     </span>
     <span class='ocr_line' id='line_1_5' title="bbox 439 1233 1458 1335; baseline 0.005 -26"><span class='ocrx_word' id='word_1_25' title='bbox 439 1246 533 1309; x_wconf 88' lang='lat' dir='ltr'><strong>nobis</strong></span> <span class='ocrx_word' id='word_1_26' title='bbox 555 1247 749 1310; x_wconf 77' lang='lat' dir='ltr'><strong>subtraxerit</strong></span> <span class='ocrx_word' id='word_1_27' title='bbox 770 1246 964 1310; x_wconf 90' lang='lat' dir='ltr'><strong>retribuendi</strong></span> <span class='ocrx_word' id='word_1_28' title='bbox 987 1245 1183 1327; x_wconf 80' lang='lat' dir='ltr'><strong>facultatem,</strong></span> <span class='ocrx_word' id='word_1_29' title='bbox 1205 1253 1275 1334; x_wconf 84' lang='lat' dir='ltr'><strong>ipse</strong></span> <span class='ocrx_word' id='word_1_30' title='bbox 1304 1250 1393 1335; x_wconf 88' lang='lat' dir='ltr'><strong>cujus</strong></span> <span class='ocrx_word' id='word_1_31' title='bbox 1453 1233 1458 1244; x_wconf 45' lang='lat'><strong><em>⁴</em></strong></span> 
     </span>
     <span class='ocr_line' id='line_1_6' title="bbox 440 1347 1389 1434; baseline 0.007 -25"><span class='ocrx_word' id='word_1_32' title='bbox 440 1367 554 1410; x_wconf 87' lang='lat' dir='ltr'><strong>manus</strong></span> <span class='ocrx_word' id='word_1_33' title='bbox 567 1369 627 1410; x_wconf 89' lang='lat' dir='ltr'><strong>nec</strong></span> <span class='ocrx_word' id='word_1_34' title='bbox 642 1347 737 1430; x_wconf 88' lang='lat' dir='ltr'><strong>inops</strong></span> <span class='ocrx_word' id='word_1_35' title='bbox 752 1361 812 1425; x_wconf 88' lang='lat' dir='ltr'><strong>est,</strong></span> <span class='ocrx_word' id='word_1_36' title='bbox 827 1370 885 1411; x_wconf 89' lang='lat' dir='ltr'><strong>nec</strong></span> <span class='ocrx_word' id='word_1_37' title='bbox 902 1370 1007 1425; x_wconf 85' lang='lat' dir='ltr'><strong>avara,</strong></span> <span class='ocrx_word' id='word_1_38' title='bbox 1019 1371 1078 1413; x_wconf 89' lang='lat' dir='ltr'><strong>nec</strong></span> <span class='ocrx_word' id='word_1_39' title='bbox 1094 1350 1265 1434; x_wconf 84' lang='lat' dir='ltr'><strong>impotens,</strong></span> <span class='ocrx_word' id='word_1_40' title='bbox 1280 1350 1389 1433; x_wconf 82' lang='lat' dir='ltr'><strong>benig·</strong></span> 
     </span>
     <span class='ocr_line' id='line_1_7' title="bbox 439 1448 1389 1535; baseline 0.004 -23"><span class='ocrx_word' id='word_1_41' title='bbox 439 1448 533 1513; x_wconf 87' lang='lat' dir='ltr'><strong>nitati</strong></span> <span class='ocrx_word' id='word_1_42' title='bbox 562 1459 675 1512; x_wconf 82' lang='lat' dir='ltr'><strong>restrae</strong></span> <span class='ocrx_word' id='word_1_43' title='bbox 712 1449 799 1532; x_wconf 92' lang='lat' dir='ltr'><strong>quod</strong></span> <span class='ocrx_word' id='word_1_44' title='bbox 833 1449 938 1532; x_wconf 89' lang='lat' dir='ltr'><strong>ipsum</strong></span> <span class='ocrx_word' id='word_1_45' title='bbox 977 1449 1071 1514; x_wconf 89' lang='lat' dir='ltr'><strong>decet</strong></span> <span class='ocrx_word' id='word_1_46' title='bbox 1107 1451 1330 1535; x_wconf 89' lang='lat' dir='ltr'><strong>respondebit,</strong></span> <span class='ocrx_word' id='word_1_47' title='bbox 1356 1454 1389 1515; x_wconf 92' lang='lat' dir='ltr'><strong>in</strong></span> 
     </span>
     <span class='ocr_line' id='line_1_8' title="bbox 439 1549 1391 1636; baseline 0.004 -23"><span class='ocrx_word' id='word_1_48' title='bbox 439 1549 659 1615; x_wconf 81' lang='lat' dir='ltr'><strong>misericordia</strong></span> <span class='ocrx_word' id='word_1_49' title='bbox 678 1550 770 1613; x_wconf 89' lang='lat' dir='ltr'><strong>uberi</strong></span> <span class='ocrx_word' id='word_1_50' title='bbox 792 1572 973 1614; x_wconf 90' lang='lat' dir='ltr'><strong>mensuram</strong></span> <span class='ocrx_word' id='word_1_51' title='bbox 994 1554 1113 1615; x_wconf 87' lang='lat' dir='ltr'><strong>bonam</strong></span> <span class='ocrx_word' id='word_1_52' title='bbox 1136 1564 1169 1615; x_wconf 92' lang='lat' dir='ltr'><strong>et</strong></span> <span class='ocrx_word' id='word_1_53' title='bbox 1191 1554 1391 1636; x_wconf 81' lang='lat' dir='ltr'><strong>coagitatam,</strong></span> 
     </span>
     <span class='ocr_line' id='line_1_9' title="bbox 439 1652 1289 1738; baseline 0.005 -23"><span class='ocrx_word' id='word_1_54' title='bbox 439 1665 472 1715; x_wconf 90' lang='lat' dir='ltr'><strong>et</strong></span> <span class='ocrx_word' id='word_1_55' title='bbox 486 1652 765 1738; x_wconf 88' lang='lat' dir='ltr'><strong>supereffluentem</strong></span> <span class='ocrx_word' id='word_1_56' title='bbox 780 1652 953 1718; x_wconf 88' lang='lat' dir='ltr'><strong>refundens</strong></span> <span class='ocrx_word' id='word_1_57' title='bbox 967 1654 999 1716; x_wconf 94' lang='lat' dir='ltr'><strong>in</strong></span> <span class='ocrx_word' id='word_1_58' title='bbox 1016 1655 1123 1718; x_wconf 91' lang='lat' dir='ltr'><strong>sinum</strong></span> <span class='ocrx_word' id='word_1_59' title='bbox 1139 1666 1289 1719; x_wconf 84' lang='lat' dir='ltr'><strong>vestrum.</strong></span> 
     </span>
    </p>
   </div>
   <div class='ocr_carea' id='block_1_3' title="bbox 439 1913 1390 2097">
    <p class='ocr_par' dir='ltr' id='par_1_3' title="bbox 439 1913 1390 2097">
     <span class='ocr_line' id='line_1_10' title="bbox 439 1913 1390 1983; baseline 0.003 -5"><span class='ocrx_word' id='word_1_60' title='bbox 439 1913 660 1978; x_wconf 84' lang='lat' dir='ltr'>EPISTOLA</span> <span class='ocrx_word' id='word_1_61' title='bbox 683 1913 890 1977; x_wconf 65' lang='lat' dir='ltr'><strong>CLIX—ao</strong></span> <span class='ocrx_word' id='word_1_62' title='bbox 905 1932 1091 1977; x_wconf 78' lang='lat' dir='ltr'><strong>nonnarum</strong></span> <span class='ocrx_word' id='word_1_63' title='bbox 1107 1934 1227 1979; x_wconf 78' lang='lat' dir='ltr'><strong>rutrum</strong></span> <span class='ocrx_word' id='word_1_64' title='bbox 1245 1936 1390 1983; x_wconf 73' lang='lat' dir='ltr'><strong>soloin.</strong></span> 
     </span>
     <span class='ocr_line' id='line_1_11' title="bbox 807 2016 1022 2097; baseline 0.005 -19"><span class='ocrx_word' id='word_1_65' title='bbox 807 2016 851 2096; x_wconf 76' lang='grc' dir='ltr'><strong>[Δ.</strong></span> <span class='ocrx_word' id='word_1_66' title='bbox 863 2035 894 2079; x_wconf 85' lang='lat' dir='ltr'><strong>n.</strong></span> <span class='ocrx_word' id='word_1_67' title='bbox 913 2017 1022 2097; x_wconf 72' lang='lat' dir='ltr'><strong>llos]</strong></span> 
     </span>
    </p>
   </div>
   <div class='ocr_carea' id='block_1_4' title="bbox 436 2149 1392 2763">
    <p class='ocr_par' dir='ltr' id='par_1_4' title="bbox 723 2149 1103 2231">
     <span class='ocr_line' id='line_1_12' title="bbox 723 2149 1103 2231; baseline 0 -18"><span class='ocrx_word' id='word_1_68' title='bbox 723 2150 860 2213; x_wconf 75' lang='lat' dir='ltr'><strong>Roberto</strong></span> <span class='ocrx_word' id='word_1_69' title='bbox 865 2150 946 2230; x_wconf 83' lang='lat' dir='ltr'><strong>filio</strong></span> <span class='ocrx_word' id='word_1_70' title='bbox 961 2149 1103 2231; x_wconf 72' lang='lat' dir='ltr'><strong>Epidio.</strong></span> 
     </span>
    </p>

    <p class='ocr_par' dir='ltr' id='par_1_5' title="bbox 436 2266 1392 2763">
     <span class='ocr_line' id='line_1_13' title="bbox 481 2266 1392 2350; baseline 0.003 -16"><span class='ocrx_word' id='word_1_71' title='bbox 481 2273 509 2334; x_wconf 81' lang='lat' dir='ltr'>A</span> <span class='ocrx_word' id='word_1_72' title='bbox 524 2286 720 2332; x_wconf 69' lang='lat' dir='ltr'><strong>eutulanum</strong></span> <span class='ocrx_word' id='word_1_73' title='bbox 738 2267 817 2329; x_wconf 90' lang='lat' dir='ltr'><strong>mihi</strong></span> <span class='ocrx_word' id='word_1_74' title='bbox 830 2266 1052 2350; x_wconf 91' lang='lat' dir='ltr'><strong>incipiendum</strong></span> <span class='ocrx_word' id='word_1_75' title='bbox 1067 2281 1115 2332; x_wconf 90' lang='lat' dir='ltr'><strong>est</strong></span> <span class='ocrx_word' id='word_1_76' title='bbox 1130 2271 1269 2349; x_wconf 88' lang='lat' dir='ltr'><strong>actione,</strong></span> <span class='ocrx_word' id='word_1_77' title='bbox 1281 2273 1344 2336; x_wconf 89' lang='lat' dir='ltr'><strong>nisi</strong></span> <span class='ocrx_word' id='word_1_78' title='bbox 1359 2284 1392 2337; x_wconf 90' lang='lat' dir='ltr'><strong>et</strong></span> 
     </span>
     <span class='ocr_line' id='line_1_14' title="bbox 438 2370 1391 2451; baseline 0.001 -13"><span class='ocrx_word' id='word_1_79' title='bbox 438 2372 668 2438; x_wconf 86' lang='lat' dir='ltr'><strong>conscientiam</strong></span> <span class='ocrx_word' id='word_1_80' title='bbox 691 2380 723 2434; x_wconf 89' lang='lat' dir='ltr'><strong>et</strong></span> <span class='ocrx_word' id='word_1_81' title='bbox 743 2370 861 2432; x_wconf 89' lang='lat' dir='ltr'><strong>famam</strong></span> <span class='ocrx_word' id='word_1_82' title='bbox 876 2370 972 2432; x_wconf 87' lang='lat' dir='ltr'><strong>velim</strong></span> <span class='ocrx_word' id='word_1_83' title='bbox 988 2370 1227 2451; x_wconf 82' lang='lat' dir='ltr'><strong>ingratitudinis</strong></span> <span class='ocrx_word' id='word_1_84' title='bbox 1243 2373 1321 2437; x_wconf 86' lang='lat' dir='ltr'><strong>vitio</strong></span> <span class='ocrx_word' id='word_1_85' title='bbox 1335 2374 1391 2439; x_wconf 87' lang='lat' dir='ltr'><strong>de·</strong></span> 
     </span>
     <span class='ocr_line' id='line_1_15' title="bbox 438 2470 1388 2559; baseline -0.003 -18"><span class='ocrx_word' id='word_1_86' title='bbox 438 2486 574 2559; x_wconf 85' lang='lat' dir='ltr'><strong>turpare.</strong></span> <span class='ocrx_word' id='word_1_87' title='bbox 605 2475 679 2537; x_wconf 90' lang='lat' dir='ltr'><strong>Hoc</strong></span> <span class='ocrx_word' id='word_1_88' title='bbox 694 2472 778 2535; x_wconf 88' lang='lat' dir='ltr'><strong>enim</strong></span> <span class='ocrx_word' id='word_1_89' title='bbox 795 2470 1014 2554; x_wconf 87' lang='lat' dir='ltr'><strong>multipliciter</strong></span> <span class='ocrx_word' id='word_1_90' title='bbox 1025 2474 1237 2555; x_wconf 82' lang='lat' dir='ltr'><strong>promeruisti,</strong></span> <span class='ocrx_word' id='word_1_91' title='bbox 1253 2476 1388 2542; x_wconf 88' lang='lat' dir='ltr'><strong>multum</strong></span> 
     </span>
     <span class='ocr_line' id='line_1_16' title="bbox 437 2571 1388 2662; baseline 0 -22"><span class='ocrx_word' id='word_1_92' title='bbox 437 2576 568 2662; x_wconf 90' lang='lat' dir='ltr'><strong>quidem</strong></span> <span class='ocrx_word' id='word_1_93' title='bbox 593 2575 627 2638; x_wconf 93' lang='lat' dir='ltr'><strong>in</strong></span> <span class='ocrx_word' id='word_1_94' title='bbox 651 2594 789 2658; x_wconf 87' lang='lat' dir='ltr'><strong>persona</strong></span> <span class='ocrx_word' id='word_1_95' title='bbox 811 2594 893 2648; x_wconf 86' lang='lat' dir='ltr'><strong>mea,</strong></span> <span class='ocrx_word' id='word_1_96' title='bbox 911 2571 970 2635; x_wconf 89' lang='lat' dir='ltr'><strong>sed</strong></span> <span class='ocrx_word' id='word_1_97' title='bbox 994 2575 1134 2637; x_wconf 86' lang='lat' dir='ltr'><strong>maxime</strong></span> <span class='ocrx_word' id='word_1_98' title='bbox 1160 2576 1193 2637; x_wconf 92' lang='lat' dir='ltr'><strong>iu</strong></span> <span class='ocrx_word' id='word_1_99' title='bbox 1218 2576 1388 2642; x_wconf 86' lang='lat' dir='ltr'><strong>fraterculo</strong></span> 
     </span>
     <span class='ocr_line' id='line_1_17' title="bbox 436 2674 1388 2763; baseline 0.001 -21"><span class='ocrx_word' id='word_1_100' title='bbox 436 2688 556 2753; x_wconf 89' lang='lat' dir='ltr'><strong>nostro,</strong></span> <span class='ocrx_word' id='word_1_101' title='bbox 572 2678 664 2763; x_wconf 86' lang='lat' dir='ltr'><strong>cujus</strong></span> <span class='ocrx_word' id='word_1_102' title='bbox 679 2674 861 2762; x_wconf 88' lang='lat' dir='ltr'><strong>praedicaris</strong></span> <span class='ocrx_word' id='word_1_103' title='bbox 877 2674 1114 2739; x_wconf 89' lang='lat' dir='ltr'><strong>communicare</strong></span> <span class='ocrx_word' id='word_1_104' title='bbox 1129 2678 1388 2754; x_wconf 88' lang='lat' dir='ltr'><strong>necessitatibus,</strong></span> 
     </span>
    </p>
   </div>
   <div class='ocr_carea' id='block_1_5' title="bbox 361 2779 1394 4465">
    <p class='ocr_par' dir='ltr' id='par_1_6' title="bbox 361 2779 1394 4465">
     <span class='ocr_line' id='line_1_18' title="bbox 436 2779 1389 2864; baseline 0 -20"><span class='ocrx_word' id='word_1_105' title='bbox 436 2790 468 2844; x_wconf 92' lang='lat' dir='ltr'><strong>et</strong></span> <span class='ocrx_word' id='word_1_106' title='bbox 482 2802 538 2845; x_wconf 90' lang='lat' dir='ltr'><strong>eas</strong></span> <span class='ocrx_word' id='word_1_107' title='bbox 552 2791 739 2864; x_wconf 84' lang='lat' dir='ltr'><strong>supportare</strong></span> <span class='ocrx_word' id='word_1_108' title='bbox 754 2789 788 2842; x_wconf 95' lang='lat' dir='ltr'><strong>ut</strong></span> <span class='ocrx_word' id='word_1_109' title='bbox 802 2788 883 2853; x_wconf 88' lang='lat' dir='ltr'><strong>tuas,</strong></span> <span class='ocrx_word' id='word_1_110' title='bbox 895 2789 928 2840; x_wconf 90' lang='lat' dir='ltr'><strong>et</strong></span> <span class='ocrx_word' id='word_1_111' title='bbox 942 2789 977 2840; x_wconf 92' lang='lat' dir='ltr'><strong>ut</strong></span> <span class='ocrx_word' id='word_1_112' title='bbox 992 2779 1038 2840; x_wconf 88' lang='lat' dir='ltr'><strong>eis</strong></span> <span class='ocrx_word' id='word_1_113' title='bbox 1054 2781 1296 2843; x_wconf 89' lang='lat' dir='ltr'><strong>communicent</strong></span> <span class='ocrx_word' id='word_1_114' title='bbox 1308 2781 1389 2845; x_wconf 90' lang='lat' dir='ltr'><strong>alios</strong></span> 
     </span>
     <span class='ocr_line' id='line_1_19' title="bbox 435 2879 1390 2961; baseline 0 -15"><span class='ocrx_word' id='word_1_115' title='bbox 435 2883 584 2946; x_wconf 87' lang='lat' dir='ltr'><strong>animare.</strong></span> <span class='ocrx_word' id='word_1_116' title='bbox 642 2883 736 2944; x_wconf 87' lang='lat' dir='ltr'><strong>Nosti</strong></span> <span class='ocrx_word' id='word_1_117' title='bbox 766 2880 850 2942; x_wconf 88' lang='lat' dir='ltr'><strong>enim</strong></span> <span class='ocrx_word' id='word_1_118' title='bbox 879 2879 958 2941; x_wconf 92' lang='lat' dir='ltr'><strong>illud</strong></span> <span class='ocrx_word' id='word_1_119' title='bbox 989 2881 1127 2961; x_wconf 90' lang='lat' dir='ltr'><strong>apostoli</strong></span> <span class='ocrx_word' id='word_1_120' title='bbox 1160 2881 1257 2959; x_wconf 89' lang='lat' dir='ltr'><strong>Petri,</strong></span> <span class='ocrx_word' id='word_1_121' title='bbox 1287 2883 1322 2945; x_wconf 82' lang='lat' dir='ltr'><strong>si</strong></span> <span class='ocrx_word' id='word_1_122' title='bbox 1352 2893 1390 2946; x_wconf 90' lang='lat' dir='ltr'><strong>ut</strong></span> 
     </span>
     <span class='ocr_line' id='line_1_20' title="bbox 436 2982 1389 3066; baseline 0.001 -18"><span class='ocrx_word' id='word_1_123' title='bbox 436 2985 636 3048; x_wconf 86' lang='lat' dir='ltr'><strong>Christianus</strong></span> <span class='ocrx_word' id='word_1_124' title='bbox 652 2983 725 3066; x_wconf 92' lang='lat' dir='ltr'><strong>quis</strong></span> <span class='ocrx_word' id='word_1_125' title='bbox 740 2982 866 3065; x_wconf 89' lang='lat' dir='ltr'><strong>patitur,</strong></span> <span class='ocrx_word' id='word_1_126' title='bbox 881 3002 947 3043; x_wconf 92' lang='lat' dir='ltr'><strong>nou</strong></span> <span class='ocrx_word' id='word_1_127' title='bbox 962 2982 1139 3060; x_wconf 86' lang='lat' dir='ltr'><strong>erubescat,</strong></span> <span class='ocrx_word' id='word_1_128' title='bbox 1156 2983 1213 3044; x_wconf 90' lang='lat' dir='ltr'><strong>sed</strong></span> <span class='ocrx_word' id='word_1_129' title='bbox 1228 2985 1389 3064; x_wconf 84' lang='lat' dir='ltr'><strong>glorificet</strong></span> 
     </span>
     <span class='ocr_line' id='line_1_21' title="bbox 435 3083 1389 3167; baseline 0.002 -20"><span class='ocrx_word' id='word_1_130' title='bbox 435 3086 623 3159; x_wconf 89' lang='lat' dir='ltr'><strong>Dominum,</strong></span> <span class='ocrx_word' id='word_1_131' title='bbox 636 3085 706 3147; x_wconf 85' lang='lat' dir='ltr'><strong>baec</strong></span> <span class='ocrx_word' id='word_1_132' title='bbox 723 3095 771 3147; x_wconf 88' lang='lat' dir='ltr'><strong>est</strong></span> <span class='ocrx_word' id='word_1_133' title='bbox 785 3085 868 3146; x_wconf 84' lang='lat' dir='ltr'><strong>enirn</strong></span> <span class='ocrx_word' id='word_1_134' title='bbox 885 3083 986 3164; x_wconf 81' lang='lat' dir='ltr'><strong>gratia</strong></span> <span class='ocrx_word' id='word_1_135' title='bbox 1002 3084 1087 3164; x_wconf 90' lang='lat' dir='ltr'><strong>apud</strong></span> <span class='ocrx_word' id='word_1_136' title='bbox 1109 3085 1224 3167; x_wconf 90' lang='lat' dir='ltr'><strong>lpsum.</strong></span> <span class='ocrx_word' id='word_1_137' title='bbox 1273 3085 1389 3150; x_wconf 86' lang='lat' dir='ltr'><strong>Certus</strong></span> 
     </span>
     <span class='ocr_line' id='line_1_22' title="bbox 434 3185 1388 3268; baseline 0.006 -20"><span class='ocrx_word' id='word_1_138' title='bbox 434 3208 468 3248; x_wconf 89' lang='lat' dir='ltr'><strong>es</strong></span> <span class='ocrx_word' id='word_1_139' title='bbox 484 3199 600 3262; x_wconf 87' lang='lat' dir='ltr'><strong>autern,</strong></span> <span class='ocrx_word' id='word_1_140' title='bbox 615 3199 649 3248; x_wconf 88' lang='lat' dir='ltr'><strong>ut</strong></span> <span class='ocrx_word' id='word_1_141' title='bbox 664 3186 810 3262; x_wconf 80' lang='lat' dir='ltr'><strong>arbitror,</strong></span> <span class='ocrx_word' id='word_1_142' title='bbox 826 3185 977 3268; x_wconf 89' lang='lat' dir='ltr'><strong>quoniam</strong></span> <span class='ocrx_word' id='word_1_143' title='bbox 998 3187 1057 3248; x_wconf 89' lang='lat' dir='ltr'><strong>iste</strong></span> <span class='ocrx_word' id='word_1_144' title='bbox 1079 3200 1186 3249; x_wconf 86' lang='lat' dir='ltr'><strong>noster</strong></span> <span class='ocrx_word' id='word_1_145' title='bbox 1200 3188 1388 3254; x_wconf 83' lang='lat' dir='ltr'><strong>fraterculus</strong></span> 
     </span>
     <span class='ocr_line' id='line_1_23' title="bbox 433 3285 1388 3370; baseline 0.005 -22"><span class='ocrx_word' id='word_1_146' title='bbox 433 3309 499 3349; x_wconf 90' lang='lat' dir='ltr'><strong>non</strong></span> <span class='ocrx_word' id='word_1_147' title='bbox 523 3288 641 3369; x_wconf 87' lang='lat' dir='ltr'><strong>patitur</strong></span> <span class='ocrx_word' id='word_1_148' title='bbox 662 3288 753 3368; x_wconf 86' lang='lat' dir='ltr'><strong>quasi</strong></span> <span class='ocrx_word' id='word_1_149' title='bbox 776 3285 948 3364; x_wconf 88' lang='lat' dir='ltr'><strong>homicida,</strong></span> <span class='ocrx_word' id='word_1_150' title='bbox 964 3300 1018 3351; x_wconf 90' lang='lat' dir='ltr'><strong>aut</strong></span> <span class='ocrx_word' id='word_1_151' title='bbox 1040 3288 1099 3360; x_wconf 90' lang='lat' dir='ltr'><strong>fur,</strong></span> <span class='ocrx_word' id='word_1_152' title='bbox 1120 3298 1174 3350; x_wconf 88' lang='lat' dir='ltr'><strong>aut</strong></span> <span class='ocrx_word' id='word_1_153' title='bbox 1197 3289 1388 3370; x_wconf 79' lang='lat' dir='ltr'><strong>maledicus,</strong></span> 
     </span>
     <span class='ocr_line' id='line_1_24' title="bbox 434 3388 1391 3472; baseline 0.003 -22"><span class='ocrx_word' id='word_1_154' title='bbox 434 3398 489 3450; x_wconf 87' lang='lat' dir='ltr'><strong>aut</strong></span> <span class='ocrx_word' id='word_1_155' title='bbox 516 3389 675 3470; x_wconf 83' lang='lat' dir='ltr'><strong>appetitor</strong></span> <span class='ocrx_word' id='word_1_156' title='bbox 700 3388 885 3466; x_wconf 90' lang='lat' dir='ltr'><strong>alienorum,</strong></span> <span class='ocrx_word' id='word_1_157' title='bbox 916 3398 948 3451; x_wconf 87' lang='lat' dir='ltr'><strong>et</strong></span> <span class='ocrx_word' id='word_1_158' title='bbox 978 3390 1041 3452; x_wconf 89' lang='lat' dir='ltr'><strong>hoc</strong></span> <span class='ocrx_word' id='word_1_159' title='bbox 1071 3389 1188 3472; x_wconf 91' lang='lat' dir='ltr'><strong>ipsum,</strong></span> <span class='ocrx_word' id='word_1_160' title='bbox 1215 3404 1250 3453; x_wconf 89' lang='lat' dir='ltr'><strong>ut</strong></span> <span class='ocrx_word' id='word_1_161' title='bbox 1278 3390 1391 3470; x_wconf 87' lang='lat' dir='ltr'><strong>audi0,</strong></span> 
     </span>
     <span class='ocr_line' id='line_1_25' title="bbox 433 3489 1388 3572; baseline 0.005 -22"><span class='ocrx_word' id='word_1_162' title='bbox 433 3510 491 3572; x_wconf 92' lang='lat' dir='ltr'><strong>per</strong></span> <span class='ocrx_word' id='word_1_163' title='bbox 507 3503 537 3551; x_wconf 90' lang='lat' dir='ltr'><strong>te</strong></span> <span class='ocrx_word' id='word_1_164' title='bbox 551 3489 621 3551; x_wconf 90' lang='lat' dir='ltr'><strong>aliis</strong></span> <span class='ocrx_word' id='word_1_165' title='bbox 635 3489 822 3566; x_wconf 85' lang='lat' dir='ltr'><strong>innotescit,</strong></span> <span class='ocrx_word' id='word_1_166' title='bbox 837 3489 879 3552; x_wconf 87' lang='lat' dir='ltr'><strong>ad</strong></span> <span class='ocrx_word' id='word_1_167' title='bbox 895 3492 1148 3553; x_wconf 84' lang='lat' dir='ltr'><strong>consolationem</strong></span> <span class='ocrx_word' id='word_1_168' title='bbox 1165 3489 1295 3571; x_wconf 89' lang='lat' dir='ltr'><strong>quidem</strong></span> <span class='ocrx_word' id='word_1_169' title='bbox 1312 3514 1388 3555; x_wconf 90' lang='lat' dir='ltr'><strong>nos-</strong></span> 
     </span>
     <span class='ocr_line' id='line_1_26' title="bbox 433 3591 1389 3676; baseline 0.005 -23"><span class='ocrx_word' id='word_1_170' title='bbox 433 3602 526 3667; x_wconf 85' lang='lat' dir='ltr'><strong>tram,</strong></span> <span class='ocrx_word' id='word_1_171' title='bbox 552 3591 610 3654; x_wconf 90' lang='lat' dir='ltr'><strong>sed</strong></span> <span class='ocrx_word' id='word_1_172' title='bbox 634 3593 765 3674; x_wconf 86' lang='lat' dir='ltr'><strong>gloriam</strong></span> <span class='ocrx_word' id='word_1_173' title='bbox 793 3596 900 3655; x_wconf 87' lang='lat' dir='ltr'><strong>eornm</strong></span> <span class='ocrx_word' id='word_1_174' title='bbox 926 3605 957 3653; x_wconf 87' lang='lat' dir='ltr'><strong>et</strong></span> <span class='ocrx_word' id='word_1_175' title='bbox 981 3594 1126 3669; x_wconf 88' lang='lat' dir='ltr'><strong>salutern,</strong></span> <span class='ocrx_word' id='word_1_176' title='bbox 1149 3594 1204 3676; x_wconf 91' lang='lat' dir='ltr'><strong>qui</strong></span> <span class='ocrx_word' id='word_1_177' title='bbox 1228 3594 1256 3655; x_wconf 92' lang='lat' dir='ltr'><strong>ei</strong></span> <span class='ocrx_word' id='word_1_178' title='bbox 1280 3595 1389 3658; x_wconf 87' lang='lat' dir='ltr'><strong>officia</strong></span> 
     </span>
     <span class='ocr_line' id='line_1_27' title="bbox 361 3693 1389 3776; baseline 0.002 -21"><span class='ocrx_word' id='word_1_179' title='bbox 361 3771 363 3775; x_wconf 11' lang='lat' dir='ltr'>y</span> <span class='ocrx_word' id='word_1_180' title='bbox 433 3693 849 3776; x_wconf 88' lang='lat' dir='ltr'><strong>humanitatisimpeuduut.</strong></span> <span class='ocrx_word' id='word_1_181' title='bbox 887 3693 1016 3756; x_wconf 88' lang='lat' dir='ltr'><strong>Gratias</strong></span> <span class='ocrx_word' id='word_1_182' title='bbox 1031 3695 1138 3776; x_wconf 87' lang='lat' dir='ltr'><strong>itaque</strong></span> <span class='ocrx_word' id='word_1_183' title='bbox 1154 3695 1278 3756; x_wconf 90' lang='lat' dir='ltr'><strong>interim</strong></span> <span class='ocrx_word' id='word_1_184' title='bbox 1295 3716 1389 3758; x_wconf 84' lang='lat' dir='ltr'><strong>max-</strong></span> 
     </span>
     <span class='ocr_line' id='line_1_28' title="bbox 433 3794 1394 3879; baseline 0.003 -23"><span class='ocrx_word' id='word_1_185' title='bbox 433 3796 513 3859; x_wconf 91' lang='lat' dir='ltr'><strong>imas</strong></span> <span class='ocrx_word' id='word_1_186' title='bbox 529 3797 587 3860; x_wconf 89' lang='lat' dir='ltr'><strong>tibi</strong></span> <span class='ocrx_word' id='word_1_187' title='bbox 602 3798 669 3878; x_wconf 80' lang='lat' dir='ltr'><strong>agit</strong></span> <span class='ocrx_word' id='word_1_188' title='bbox 684 3799 818 3859; x_wconf 87' lang='lat' dir='ltr'><strong>affectus</strong></span> <span class='ocrx_word' id='word_1_189' title='bbox 834 3817 935 3873; x_wconf 89' lang='lat' dir='ltr'><strong>meus,</strong></span> <span class='ocrx_word' id='word_1_190' title='bbox 951 3794 1027 3857; x_wconf 88' lang='lat' dir='ltr'><strong>dum</strong></span> <span class='ocrx_word' id='word_1_191' title='bbox 1051 3795 1137 3858; x_wconf 89' lang='lat' dir='ltr'><strong>aliud</strong></span> <span class='ocrx_word' id='word_1_192' title='bbox 1153 3817 1217 3859; x_wconf 91' lang='lat' dir='ltr'><strong>non</strong></span> <span class='ocrx_word' id='word_1_193' title='bbox 1234 3797 1394 3879; x_wconf 91' lang='lat' dir='ltr'><strong>permittit</strong></span> 
     </span>
     <span class='ocr_line' id='line_1_29' title="bbox 432 3895 1387 3980; baseline 0.001 -23"><span class='ocrx_word' id='word_1_194' title='bbox 432 3895 567 3960; x_wconf 88' lang='lat' dir='ltr'><strong>facultas</strong></span> <span class='ocrx_word' id='word_1_195' title='bbox 582 3897 754 3972; x_wconf 84' lang='lat' dir='ltr'><strong>exulantis,</strong></span> <span class='ocrx_word' id='word_1_196' title='bbox 771 3908 898 3960; x_wconf 88' lang='lat' dir='ltr'><strong>auctore</strong></span> <span class='ocrx_word' id='word_1_197' title='bbox 921 3897 1070 3973; x_wconf 89' lang='lat' dir='ltr'><strong>Domino,</strong></span> <span class='ocrx_word' id='word_1_198' title='bbox 1087 3897 1278 3980; x_wconf 88' lang='lat' dir='ltr'><strong>quandoque</strong></span> <span class='ocrx_word' id='word_1_199' title='bbox 1294 3916 1387 3958; x_wconf 85' lang='lat' dir='ltr'><strong>max-</strong></span> 
     </span>
     <span class='ocr_line' id='line_1_30' title="bbox 432 3996 1385 4062; baseline 0.003 -4"><span class='ocrx_word' id='word_1_200' title='bbox 432 3996 513 4060; x_wconf 89' lang='lat' dir='ltr'><strong>imas</strong></span> <span class='ocrx_word' id='word_1_201' title='bbox 528 4000 728 4061; x_wconf 82' lang='lat' dir='ltr'><strong>exhibiturus</strong></span> <span class='ocrx_word' id='word_1_202' title='bbox 743 4001 869 4061; x_wconf 86' lang='lat' dir='ltr'><strong>effectu.</strong></span> <span class='ocrx_word' id='word_1_203' title='bbox 916 3999 1032 4060; x_wconf 90' lang='lat' dir='ltr'><strong>Precor</strong></span> <span class='ocrx_word' id='word_1_204' title='bbox 1053 4009 1157 4060; x_wconf 88' lang='lat' dir='ltr'><strong>autern</strong></span> <span class='ocrx_word' id='word_1_205' title='bbox 1173 4011 1208 4060; x_wconf 90' lang='lat' dir='ltr'><strong>ut</strong></span> <span class='ocrx_word' id='word_1_206' title='bbox 1223 3999 1256 4061; x_wconf 93' lang='lat' dir='ltr'><strong>in</strong></span> <span class='ocrx_word' id='word_1_207' title='bbox 1271 3997 1385 4062; x_wconf 85' lang='lat' dir='ltr'><strong>huma-</strong></span> 
     </span>
     <span class='ocr_line' id='line_1_31' title="bbox 432 4096 1387 4181; baseline 0.005 -23"><span class='ocrx_word' id='word_1_208' title='bbox 432 4096 531 4160; x_wconf 88' lang='lat' dir='ltr'><strong>nitate</strong></span> <span class='ocrx_word' id='word_1_209' title='bbox 555 4120 648 4180; x_wconf 92' lang='lat' dir='ltr'><strong>quam</strong></span> <span class='ocrx_word' id='word_1_210' title='bbox 670 4100 819 4181; x_wconf 89' lang='lat' dir='ltr'><strong>incepisti</strong></span> <span class='ocrx_word' id='word_1_211' title='bbox 842 4098 884 4161; x_wconf 91' lang='lat' dir='ltr'><strong>ad</strong></span> <span class='ocrx_word' id='word_1_212' title='bbox 906 4100 1030 4160; x_wconf 88' lang='lat' dir='ltr'><strong>fratrem</strong></span> <span class='ocrx_word' id='word_1_213' title='bbox 1056 4120 1159 4162; x_wconf 90' lang='lat' dir='ltr'><strong>meum</strong></span> <span class='ocrx_word' id='word_1_214' title='bbox 1178 4099 1387 4163; x_wconf 86' lang='lat' dir='ltr'><strong>laudabiliter·</strong></span> 
     </span>
     <span class='ocr_line' id='line_1_32' title="bbox 432 4198 1386 4280; baseline 0.002 -22"><span class='ocrx_word' id='word_1_215' title='bbox 432 4218 622 4280; x_wconf 67' lang='lat' dir='ltr'><strong>perseveres</strong></span> <span class='ocrx_word' id='word_1_216' title='bbox 653 4198 728 4279; x_wconf 91' lang='lat' dir='ltr'><strong>quia</strong></span> <span class='ocrx_word' id='word_1_217' title='bbox 758 4199 844 4280; x_wconf 91' lang='lat' dir='ltr'><strong>quod</strong></span> <span class='ocrx_word' id='word_1_218' title='bbox 870 4210 981 4262; x_wconf 86' lang='lat' dir='ltr'><strong>restrae</strong></span> <span class='ocrx_word' id='word_1_219' title='bbox 1012 4200 1205 4262; x_wconf 85' lang='lat' dir='ltr'><strong>subtrahitur</strong></span> <span class='ocrx_word' id='word_1_220' title='bbox 1228 4200 1386 4279; x_wconf 83' lang='lat' dir='ltr'><strong>facultati,</strong></span> 
     </span>
     <span class='ocr_line' id='line_1_33' title="bbox 433 4287 1386 4384; baseline 0.002 -24"><span class='ocrx_word' id='word_1_221' title='bbox 433 4299 489 4360; x_wconf 87' lang='lat' dir='ltr'><strong>tibi</strong></span> <span class='ocrx_word' id='word_1_222' title='bbox 506 4299 692 4360; x_wconf 89' lang='lat' dir='ltr'><strong>abonorum</strong></span> <span class='ocrx_word' id='word_1_223' title='bbox 709 4287 1057 4363; x_wconf 41' lang='lat' dir='ltr'><strong>omnium&#39;retribntore</strong></span> <span class='ocrx_word' id='word_1_224' title='bbox 1073 4299 1282 4384; x_wconf 86' lang='lat' dir='ltr'><strong>supplebitur.</strong></span> <span class='ocrx_word' id='word_1_225' title='bbox 1320 4302 1386 4376; x_wconf 87' lang='lat' dir='ltr'><strong>Va-</strong></span> 
     </span>
     <span class='ocr_line' id='line_1_34' title="bbox 431 4405 503 4465; baseline -0.028 -1"><span class='ocrx_word' id='word_1_226' title='bbox 431 4405 503 4465; x_wconf 90' lang='lat' dir='ltr'><strong>lete.</strong></span> 
     </span>
    </p>
   </div>
   <div class='ocr_carea' id='block_1_6' title="bbox 0 0 1838 5475">
    <p class='ocr_par' dir='ltr' id='par_1_7' title="bbox 0 0 1838 5475">
     <span class='ocr_line' id='line_1_35' title="bbox 0 0 1838 5475; baseline 0 3"><span class='ocrx_word' id='word_1_227' title='bbox 0 0 1838 5475; x_wconf 95' lang='lat' dir='ltr'><strong> </strong></span> 
     </span>
    </p>
   </div>
  </div>
 </body>
</html>
