3667 5475
428 787 473 851 st
694 793 830 843 rouuurs
846 794 1127 841 sunssnenrnusrs
1289 779 1340 860 [u.
1357 799 1390 844 o.

431 953 522 1017 vobis
537 973 577 1015 ex
589 949 762 1014 multorum
776 947 911 1033 negotiis
922 968 1033 1032 rapere
1044 945 1252 1031 praecepistis.
1289 950 1391 1013 Nunc

432 1067 539 1119 autem
562 1056 639 1140 quia
660 1050 769 1117 latoris
796 1049 1002 1136 presentium
1026 1047 1181 1112 Willelmi
1205 1050 1392 1115 necessitati

432 1155 540 1221 deesse
569 1177 630 1219 non
661 1152 765 1239 potui,
788 1152 946 1237 majestati
969 1160 1083 1214 vestrae
1111 1164 1235 1237 quanta
1256 1173 1391 1236 possum

431 1256 611 1331 devotione,
643 1266 732 1319 tanta
761 1265 866 1316 mente
895 1252 1032 1338 pedibus
1061 1252 1175 1316 vestris
1204 1265 1391 1338 prostratus

432 1357 589 1444 supplico,
620 1370 657 1420 ut
682 1355 844 1419 laboribus
873 1354 943 1438 ejus
971 1375 1058 1417 nuno
1080 1353 1207 1417 tandem
1238 1352 1390 1418 debitum

432 1458 527 1521 iiuem
543 1455 730 1543 imponatis;
750 1455 817 1541 jam
841 1454 923 1518 enirn
945 1454 1084 1518 secundo
1105 1452 1146 1517 ad
1167 1452 1273 1517 sedern
1298 1456 1394 1540 Apo-

429 1558 574 1624 stolicam
590 1555 762 1623 adversarii
778 1556 826 1620 sui
846 1555 967 1619 malitia
983 1555 1134 1631 trahitur,
1149 1557 1206 1641 qui
1223 1555 1263 1619 ad
1280 1556 1392 1642 appel-

431 1660 563 1725 landum
589 1660 692 1735 velox,
716 1659 756 1723 ad
780 1658 1037 1746 prosequendum
1069 1656 1192 1734 tardus,
1223 1677 1390 1723 sacrorum

433 1785 590 1829 cononum
600 1754 661 1828 non
674 1764 775 1847 magis
784 1762 925 1846 ignarus,
937 1782 1033 1845 quarn
1050 1773 1261 1846 contemptor,
1278 1761 1391 1827 fautor

429 1866 542 1942 curiae,
565 1878 749 1950 persecutor
769 1861 921 1937 ecclesiae,
945 1860 1098 1945 suffragio
1120 1860 1308 1926 secularium
1333 1884 1392 1949 po-

434 1979 598 2040 testatum,
622 1962 798 2028 Catholicae
821 1962 953 2026 unitatis
975 1964 1074 2027 robur
1088 1962 1203 2028 nititur
1225 1985 1389 2030 enervare.

435 2070 508 2131 Hoc
536 2087 619 2127 novo
641 2061 909 2149 tergiversationis
940 2085 1053 2145 genere
1075 2076 1232 2129 nostrates
1254 2064 1391 2131 instruit

431 2166 473 2231 ed
490 2170 668 2232 Romanum
685 2166 878 2252 pontificem,
892 2177 924 2228 ct
941 2186 1046 2248 regem
1063 2177 1096 2230 et
1111 2168 1251 2251 reginam
1268 2167 1392 2252 pariter

433 2267 604 2354 appellare,
616 2279 650 2332 ut
663 2290 722 2353 pro
729 2266 906 2332 reverentia
915 2278 1030 2347 vestra,
1040 2266 1258 2353 episcoporum
1273 2288 1393 2335 manus

432 2370 576 2456 effugiet,
597 2382 630 2435 et
652 2370 737 2456 regis
753 2368 801 2433 rel
825 2368 943 2454 reginae
960 2367 1210 2453 indignationem
1237 2385 1390 2453 provocet

431 2470 473 2535 ad
494 2472 706 2537 innocentiam
726 2471 961 2537 conterendam.

603 2647 822 2711 EPISTOLA
847 2646 1041 2709 XXX—sn
1057 2664 1212 2709 nunusu.

772 2763 921 2827 Adriano
935 2763 1050 2845 Papae.

476 2888 679 2962 Strenuum,
694 2882 782 2968 quod
798 2881 876 2944 mibi
893 2879 1081 2960 indixeram,
1096 2880 1283 2945 venerabilis
1299 2895 1392 2967 pater

433 2986 572 3054 Eliensis
586 2986 753 3071 episcopus
768 2983 951 3069 interrupit,
967 2985 1024 3069 qui
1035 3005 1084 3045 me
1100 2982 1256 3067 majestati
1272 2995 1390 3049 vestrae

433 3087 611 3153 devotionis
622 3107 690 3150 suae
704 3082 821 3148 iudicia
830 3085 985 3171 compulit
996 3084 1152 3150 nuntiare.
1178 3085 1291 3150 Credit
1304 3085 1390 3150 enim

433 3211 467 3252 se
481 3209 575 3274 posse
584 3183 669 3270 apud
682 3182 883 3247 eminentiam
899 3197 1035 3249 vestram
1049 3184 1191 3249 fidelium
1208 3198 1391 3252 vestrorum

433 3285 614 3353 testimonio
636 3296 666 3347 et
688 3284 908 3349 intercessione
927 3285 1047 3371 juvari,
1063 3299 1095 3352 et
1117 3287 1193 3374 quia
1210 3286 1391 3352 devotionis

433 3411 502 3454 suoe
531 3386 625 3450 fidem
656 3385 734 3449 mihi
764 3401 868 3452 restra
897 3387 1021 3473 gerenti
1050 3393 1190 3474 negotia,
1220 3388 1393 3454 manifesta

433 3491 539 3578 operis
552 3489 747 3555 exhibitione
759 3491 964 3556 monstravit:
989 3492 1151 3556 serenitati
1161 3505 1273 3556 vestrae
1285 3503 1391 3556 atten-

434 3608 487 3659 tus
502 3592 658 3679 supplico,
675 3604 712 3657 ut
727 3590 755 3654 ei
769 3594 906 3677 gratiam
923 3592 1008 3656 illam
1018 3593 1170 3677 integram
1187 3592 1392 3669 conservetis,

434 3719 532 3782 quam
547 3719 566 3759 a
581 3693 776 3778 benignitate
786 3707 891 3759 vestre
905 3695 1095 3780 promeruit,
1107 3707 1276 3780 antequam
1294 3715 1392 3780 super

433 3799 539 3886 capita
553 3798 693 3862 filiorum
717 3796 880 3860 hominum
896 3796 1046 3862 thronum
1067 3809 1208 3860 vestrum
1231 3795 1392 3860 Dominus

434 3902 599 3968 exaltaret.
644 3899 731 3964 Petit
754 3899 814 3963 boc
837 3899 941 3985 ipsum
965 3898 1110 3964 dominus
1138 3896 1391 3975 Cantunriensis‚

434 4002 522 4087 apud
538 4002 631 4085 quern
644 4013 773 4064 centum
785 4024 905 4065 marcas
915 4000 1139 4084 sterlingorum
1151 3997 1298 4085 deposui,
1309 4020 1392 4084 quas

433 4102 475 4164 sd
492 4101 827 4165 mandatumvestrum
842 4101 1043 4187 implendum
1055 4125 1073 4165 a
1085 4102 1224 4189 praefato
1239 4104 1391 4188 episcopo

434 4219 626 4284 acceperam.
651 4199 778 4262 Pronus
789 4198 920 4284 quidem
934 4212 981 4264 est
996 4200 1027 4263 in
1043 4201 1234 4285 obsequium
1246 4212 1390 4265 vestrum

434 4311 628 4363 memoratus
650 4298 828 4385 episcopus,
854 4300 908 4364 sed
931 4300 1025 4385 longe
1048 4301 1177 4388 pronior
1199 4301 1272 4378 erit,
1303 4303 1329 4364 si
1360 4300 1388 4363 ei

434 4401 612 4467 clementie
647 4413 760 4465 restrae
790 4401 989 4468 dulcedinem
1021 4403 1237 4491 porrexeritis,
1270 4425 1392 4466 memor
