3667 5475
429 755 492 817 tlt
686 768 823 815 Joruurs
837 767 1112 814 sssnsnnnruusrs
1288 751 1336 827 [1.
1353 767 1386 812 n.

432 920 558 994 interim
574 920 614 985 de
625 942 759 987 numero
771 932 803 985 et
813 921 997 985 auctoribus
1008 916 1161 983 librorum
1173 918 1262 982 Novi
1272 920 1389 982 Testa·

434 1022 534 1083 menti
549 1021 726 1100 dictasint,
741 1043 876 1106 qnorum
897 1022 1142 1106 conceptionem
1157 1022 1185 1084 si
1201 1021 1277 1105 quis
1289 1039 1389 1084 nosse

435 1118 606 1197 desiderat,
618 1121 786 1203 epistolam
796 1123 881 1185 beati
894 1120 1084 1205 Hieronymi
1098 1114 1139 1185 ad
1151 1122 1334 1194 Paulinum,
1347 1120 1389 1184 de

435 1221 551 1286 divinis
561 1222 652 1285 libris
665 1224 762 1304 legat,
772 1222 850 1303 quia
861 1234 897 1285 ut
911 1222 952 1285 de
968 1223 1166 1286 conscientia
1177 1242 1250 1285 mea
1262 1222 1389 1305 loquar,

435 1344 593 1405 nusquam
611 1323 724 1385 melius
739 1323 926 1402 invenietur,
942 1335 997 1385 aut
1011 1322 1149 1404 planius.

480 1423 546 1485 Sed
566 1444 638 1506 quae
661 1444 737 1486 cura
756 1434 814 1495 est,
836 1422 1035 1487 serenissime
1058 1423 1198 1501 domine,
1212 1424 1273 1486 has
1292 1433 1390 1505 atque

437 1518 515 1585 alias
536 1523 569 1584 in
587 1521 830 1602 investigatione
848 1532 1013 1584 auctorum
1034 1521 1192 1585 discutere
1211 1520 1393 1603 opiniones,

438 1645 535 1708 quum
553 1644 651 1686 unum
664 1623 805 1685 omnium
821 1631 1001 1684 sanctarum
1014 1622 1248 1703 scripturarum
1264 1634 1392 1685 constet

438 1747 508 1788 esse
523 1735 685 1788 auctorem
701 1722 855 1806 Spiritum
870 1721 1045 1785 Sanctum?
1077 1720 1163 1785 Nam
1180 1724 1294 1786 beatus
1310 1723 1390 1785 Gre-

437 1826 548 1907 gorius
559 1826 593 1887 in
609 1824 785 1894 moralibus
797 1822 959 1885 verissime
980 1834 1013 1886 et
1027 1824 1276 1904 elegantissime,
1291 1840 1391 1906 quum

439 1938 564 1990 constet
586 1924 661 1987 libri
689 1924 777 1988 beati
801 1924 878 1997 Job,
900 1945 995 2006 quem
1023 1925 1215 2007 exponebat,
1235 1924 1391 2006 Spiritum

439 2028 593 2091 Sanctum
609 2047 678 2098 esse
692 2035 865 2101 auctorem,
879 2024 919 2090 de
932 2024 1085 2106 scriptore
1096 2024 1171 2086 libri
1182 2022 1393 2106 postmodum

440 2148 589 2211 quaerere,
615 2124 750 2209 proinde
775 2125 959 2188 habendum
984 2146 1066 2203 esse,
1095 2147 1132 2188 ac
1159 2125 1198 2203 si,
1228 2124 1392 2208 quamde

441 2226 595 2307 scriptore
610 2237 730 2288 certum
742 2224 793 2300 sit,
805 2224 845 2288 de
860 2227 994 2299 calamn,
1009 2247 1073 2309 quo
1087 2226 1169 2288 liber
1180 2226 1321 2308 scriptus
1336 2235 1395 2301 est,

441 2327 610 2390 dubitetur.
649 2328 723 2389 Non
745 2349 819 2407 ergo
835 2324 942 2409 magni
964 2329 1089 2391 faciatis
1111 2329 1137 2389 si
1160 2328 1393 2409 Scripturarum

441 2439 607 2508 teneantur
622 2442 779 2505 auctores,
793 2428 851 2491 sed
866 2431 892 2492 si
908 2431 1059 2492 veraciter
1073 2429 1303 2511 intelligantur:
1327 2428 1392 2489 imo

441 2542 527 2598 certe
542 2528 570 2590 si
585 2530 636 2611 pie
656 2541 689 2593 et
705 2528 842 2593 fideliter
861 2530 1060 2612 impleantur.
1107 2528 1182 2591 Non
1201 2524 1287 2591 enim
1301 2524 1391 2590 'audi-

441 2642 526 2692 tores
536 2630 626 2711 legis,
640 2640 674 2692 ut
684 2629 729 2692 uit
741 2630 919 2713 apostolus,
929 2630 1015 2711 apud
1028 2630 1205 2692 Dominum
1215 2622 1298 2712 justi
1309 2637 1393 2701 sunt,

442 2730 501 2795 sed
515 2724 662 2795 factores.
699 2730 750 2794 Ad
769 2731 838 2794 haec
854 2730 967 2793 inillis
985 2731 1133 2813 occupari
1156 2727 1315 2814 optimum
1334 2743 1394 2804 est,

443 2833 529 2915 quia,
544 2844 578 2893 ut
593 2854 651 2914 per
661 2831 883 2894 fidelissimum
900 2851 1054 2912 organum
1075 2852 1177 2908 suum,
1193 2831 1310 2893 veritas
1323 2831 1396 2913 ipsa

444 2933 613 3015 eloquitur.
659 2934 741 2994 Ama
771 2931 936 2994 scientiam
964 2931 1208 3012 Scripturarum,
1234 2941 1266 2993 ct
1292 2926 1396 2993 ca'rnis

445 3034 522 3095 vitia
547 3053 613 3094 non
642 3033 773 3095 amabis.
818 3031 958 3094 Proinde
984 3031 1175 3111 intelligenti
1202 3030 1301 3092 otium
1328 3030 1397 3092 sine

445 3134 559 3195 litteris
574 3154 659 3194 mors
674 3143 732 3208 est,
747 3144 779 3194 et
794 3132 855 3193 rivi
873 3133 1013 3194 hominis
1027 3134 1198 3214 sepultura.

476 3234 528 3308 Ad
537 3232 657 3294 tertiam
668 3231 853 3313 progredior
863 3234 1082 3315 quaestionem,
1090 3233 1226 3304 Quidam
1238 3232 1278 3295 sit
1289 3254 1398 3295 mensa

450 3333 526 3396 solis
548 3333 579 3392 in
601 3332 724 3407 sabulo
740 3351 836 3414 quam
857 3333 1103 3395 famosissimam
1120 3334 1203 3394 iuter
1225 3353 1398 3414 gymnoso-

449 3430 571 3512 phistas
581 3439 736 3491 scrutator
746 3431 899 3506 veritatis,
909 3442 941 3494 et
950 3432 1124 3495 litterarum
1135 3431 1400 3512 diligentissimus

450 3544 659 3614 persequutor
669 3533 860 3613 Apollonius
871 3533 1042 3614 conspexit
1051 3529 1082 3594 in
1096 3535 1217 3610 sabulo,
1228 3554 1325 3615 super
1334 3554 1400 3614 quo

451 3624 562 3694 omncs
585 3633 743 3709 consului,
766 3631 874 3720 quiin
899 3633 1035 3695 Francia
1059 3634 1229 3715 primatum
1250 3632 1402 3694 videntur

449 3732 567 3795 habere
590 3731 835 3814 Scripturarum,
858 3730 914 3792 sed
938 3732 1014 3814 quia
1040 3753 1097 3795 eos
1119 3731 1246 3811 gentilis
1268 3730 1402 3794 historia

449 3836 552 3911 latuit,
565 3855 630 3895 non
649 3833 782 3894 multum
806 3832 1015 3913 reprehendo,
1030 3834 1058 3895 si
1079 3832 1165 3916 quod
1187 3853 1252 3893 nou
1275 3830 1400 3894 didice-

449 3946 532 4008 rant,
547 3935 661 3996 docere
680 3933 897 4016 nequiverunt.
937 3933 1074 4003 Quidam
1094 3946 1199 3996 tamen
1215 3931 1400 4015 impruden-

452 4035 526 4095 tiam
548 4055 634 4095 suam
656 4033 876 4114 impudentius
896 4031 1097 4112 detexerunt,
1114 4031 1148 4094 id
1168 4035 1270 4095 solum
1290 4033 1404 4113 inepta

450 4129 656 4213 responsione
679 4132 919 4213 persuadentes,
944 4134 1029 4216 quod
1057 4157 1076 4197 a
1102 4134 1296 4206 doc-toribus,
1321 4154 1405 4215 quos

451 4233 505 4294 diu
526 4246 557 4293 et
578 4234 677 4294 multa
699 4233 845 4294 mercede
868 4235 1100 4310 conduxerant,
1116 4236 1195 4297 nihil
1219 4235 1300 4297 'scire
1322 4234 1406 4297 didi·

453 4345 572 4424 cerunt.
626 4332 767 4394 Historia
803 4349 907 4395 autem
947 4336 1014 4400 haec
1053 4359 1147 4420 quam
1185 4332 1319 4399 veritate
1357 4354 1407 4398 re·
