3667 5475
333 796 360 860 l
385 806 564 884 rto-61]
782 826 958 869 aristeum.

654 1045 874 1108 EPISTOLA
899 1046 1038 1106 LXVll.

401 1186 459 1249 Ex
480 1185 661 1249 testimonio
681 1198 785 1247 vestro
808 1184 999 1270 accepimuS,
1020 1186 1096 1270 quia
1119 1184 1215 1250 latrix
1238 1180 1327 1273 praess

329 1287 542 1367 Sentium,a
563 1286 686 1364 clerico,
702 1287 754 1348 cui
779 1286 980 1348 niatrimouio
994 1289 1108 1372 juncta
1130 1303 1209 1364 erat,
1229 1288 1317 1353 dere-

329 1383 431 1454 licta
446 1388 539 1453 alteri
555 1389 675 1474 nupsit,
692 1399 776 1453 etex
794 1412 831 1449 oo
847 1390 987 1471 suscepit
1002 1389 1125 1453 liberos.
1172 1389 1314 1457 Clericus

333 1511 432 1555 vero
456 1514 587 1577 peregre
610 1505 752 1554 moratus
778 1491 810 1553 in
839 1489 1033 1553 sacerdotem
1062 1507 1227 1576 promotus
1254 1509 1314 1569 est,

335 1614 579 1680 reversusque,
596 1616 708 1670 uxore,
724 1615 821 1678 quam
844 1592 993 1668 duxerat,
1014 1608 1203 1678 contempta,
1219 1598 1317 1681 coepit

335 1692 384 1757 in
408 1693 580 1759 sacerdotii
599 1692 710 1757 ordine
733 1693 922 1756 ministrare.
968 1694 1075 1769 Quum
1100 1715 1174 1755 vero
1195 1707 1257 1756 tam
1275 1720 1314 1758 ex

336 1819 468 1860 eorum
492 1796 698 1874 confessione,
718 1818 813 1881 quam
837 1816 880 1859 ex
903 1793 1044 1878 legitima
1069 1795 1196 1858 testium
1221 1819 1318 1861 asser-

342 1899 445 1960 tione
468 1910 604 1976 constet,
626 1900 728 1982 ipsam
753 1920 824 1959 oum
850 1895 963 1958 clerico
986 1897 1221 1960 matrimonium
1245 1921 1317 1961 con-

344 1997 505 2074 traxisse,
529 1999 659 2083 planum
685 2010 731 2061 est
757 1998 835 2082 quia
862 1997 1001 2059 secundo
1026 1998 1140 2060 marito
1167 1998 1314 2085 deinceps

344 2098 522 2163 adhaerere
537 2121 598 2162 non
616 2110 730 2184 potest.
765 2099 860 2176 Quod
877 2099 960 2162 enim
977 2099 1108 2161 clericus
1124 2123 1156 2162 se
1172 2112 1314 2186 tempore

345 2201 510 2265 contracti
522 2201 714 2264 matrimonii
728 2200 959 2264 subdiaconum
970 2201 1066 2265 fuisse
1077 2188 1200 2279 asserit,
1213 2227 1313 2289 quum

350 2301 418 2369 lroc
446 2304 574 2389 probari
601 2317 750 2386 nequeat,
778 2316 909 2367 eatenus
937 2304 1070 2390 proficit,
1100 2318 1135 2368 ut
1162 2306 1314 2390 indignus

349 2418 523 2489 censeatur
544 2405 654 2468 ordine
677 2427 773 2490 quem
801 2403 1000 2489 contempsit,
1026 2429 1082 2468 nec
1109 2409 1314 2490 permittatur

352 2504 387 2567 in
404 2530 443 2569 eo
458 2506 646 2583 ministrare,
663 2529 757 2591 quem
775 2508 966 2592 conjugatus
982 2507 1090 2570 illicita
1107 2510 1312 2593 usurpatione

351 2608 569 2693 praesumpsit.
630 2608 794 2694 Siquidem
831 2622 954 2672 constat
985 2631 1085 2693 quum
1121 2633 1160 2671 ex
1193 2612 1311 2690 multia,

351 2722 420 2773 tum
445 2733 484 2774 ex
506 2710 643 2774 secundo
666 2710 797 2773 concilio
820 2708 987 2787 Toletano,
1005 2709 1091 2796 quod
1114 2733 1166 2773 eos
1190 2712 1245 2797 qui
1269 2714 1309 2776 ad

354 2812 618 2876 subdiaconatum
646 2812 811 2888 accedunt,
835 2826 961 2898 oportet
989 2813 1212 2875 continentiam
1240 2835 1311 2896 pro-

353 2913 447 2977 fiteri.
496 2916 642 3000 itemque
667 2939 705 2977 ex
734 2915 865 2978 coneilio
891 2914 1068 2977 Arelatensi
1097 2913 1211 2999 liquet,
1236 2914 1311 2998 quia

352 3016 469 3080 assumi
502 3016 640 3102 aliquem
669 3017 912 3101 conjugatorum
940 3015 979 3078 ad
1009 3016 1219 3080 sacerdotium
1248 3038 1309 3078 non

352 3132 490 3203 oportet,
519 3120 576 3182 nisi
607 3118 705 3180 suerit
737 3119 898 3201 praemissa
929 3117 1109 3180 conversio:
1135 3117 1219 3180 unde
1250 3117 1308 3181 nisi

355 3241 435 3281 uxor
465 3217 690 3282 continentiam
722 3240 819 3303 quani
852 3240 966 3280 vovere
999 3216 1066 3280 vult
1096 3221 1308 3302 praeeligeret,

354 3320 564 3404 proculdubio
594 3320 693 3405 priori
724 3318 793 3381 viro
822 3319 1019 3383 restituenda
1052 3333 1144 3394 esset,
1174 3320 1309 3406 ipseque

353 3423 520 3486 sacerdotii
544 3421 819 3485 administratione
839 3421 992 3505 privatus,
1013 3421 1154 3506 corporis
1176 3423 1225 3485 sui
1250 3445 1306 3507 po-

353 3532 494 3586 testatem
517 3524 614 3607 juxta
635 3535 778 3585 sanctum
801 3521 980 3606 apostolum
1000 3520 1180 3606 indulgeret
1203 3522 1306 3585 uxori.

355 3623 423 3685 Hoc
446 3624 530 3684 enim
554 3637 584 3684 et
607 3621 721 3684 beatus
748 3622 914 3704 Eugenius
937 3622 968 3684 in
991 3645 1087 3685 causa
1111 3622 1203 3684 simili
1226 3622 1306 3685 diffi-

351 3722 441 3800 nivit,
466 3733 502 3784 ut
524 3722 580 3805 qui
602 3721 710 3785 relicta
735 3744 833 3783 uxore
859 3723 898 3783 ad
926 3721 1182 3806 presbyteratum
1207 3745 1308 3784 acces-

351 3838 443 3897 serat,
460 3820 591 3884 avulsus
605 3823 646 3885 ab
665 3821 757 3886 altari
779 3821 895 3885 rediret
911 3821 951 3883 ad
968 3820 1105 3882 officium
1126 3821 1304 3907 conjugale,

351 3923 453 4008 quoad
494 3946 574 3986 uxor
610 3923 703 3986 vellet
740 3922 964 3985 continentiam
1000 3922 1150 4007 profiteri.
1208 3927 1304 3986 Nunc

349 4041 464 4103 autem,
494 4025 571 4110 quia
602 4024 735 4086 clericus
771 4024 804 4085 in
841 4022 1040 4086 ordinatione
1077 4024 1301 4088 continentiam

352 4129 445 4207 vovit,
460 4141 492 4191 et
511 4151 594 4191 uxor
610 4141 719 4190 votum
745 4125 849 4187 mariti
873 4126 914 4187 ob
938 4148 1074 4189 amorem
1092 4127 1256 4207 castitatiS,
1271 4142 1303 4192 et

349 4251 432 4312 spem
449 4228 647 4314 poenitentiae
663 4228 848 4301 fructuosae,
866 4240 971 4290 ratum
993 4228 1087 4292 habet
1112 4244 1142 4293 et
1161 4244 1302 4314 gratuiti,

348 4329 489 4393 imminet
506 4329 635 4414 utrique
651 4327 819 4391 necessitas
835 4327 1027 4406 continendi,
1044 4343 1074 4392 et
1091 4329 1244 4393 sacerdoti
1261 4331 1300 4392 ad

344 4452 484 4514 praesens
500 4431 658 4515 praecluso
672 4445 719 4494 est
736 4430 863 4493 licentia
879 4431 1087 4494 ministrandi.
1135 4431 1195 4504 Qui
1217 4431 1299 4491 eninr
