<?xml version="1.0" encoding="UTF-8"?>
<!DOCTYPE html PUBLIC "-//W3C//DTD XHTML 1.0 Transitional//EN"
    "http://www.w3.org/TR/xhtml1/DTD/xhtml1-transitional.dtd">
<html xmlns="http://www.w3.org/1999/xhtml" xml:lang="en" lang="en">
 <head>
  <title>
</title>
<meta http-equiv="Content-Type" content="text/html;charset=utf-8" />
  <meta name='ocr-system' content='tesseract 3.04.00' />
  <meta name='ocr-capabilities' content='ocr_page ocr_carea ocr_par ocr_line ocrx_word'/>
</head>
<body>
  <div class='ocr_page' id='page_1' title='image "./operaomnianuncp03johngoog_0054.png"; bbox 0 0 3667 5475; ppageno 0'>
   <div class='ocr_carea' id='block_1_1' title="bbox 430 772 1400 852">
    <p class='ocr_par' dir='ltr' id='par_1_1' title="bbox 430 772 1400 852">
     <span class='ocr_line' id='line_1_1' title="bbox 430 772 1400 852; baseline 0 -19"><span class='ocrx_word' id='word_1_1' title='bbox 430 775 471 833; x_wconf 74' lang='lat'>84</span> <span class='ocrx_word' id='word_1_2' title='bbox 689 789 827 834; x_wconf 71' lang='lat' dir='ltr'>rotulus</span> <span class='ocrx_word' id='word_1_3' title='bbox 843 789 1123 837; x_wconf 72' lang='lat' dir='ltr'>cananaeumusrs</span> <span class='ocrx_word' id='word_1_4' title='bbox 1298 772 1347 852; x_wconf 75' lang='grc' dir='ltr'>[Δ.</span> <span class='ocrx_word' id='word_1_5' title='bbox 1368 793 1400 836; x_wconf 89' lang='lat' dir='ltr'>o.</span> 
     </span>
    </p>
   </div>
   <div class='ocr_carea' id='block_1_2' title="bbox 434 971 1446 1141">
    <p class='ocr_par' dir='ltr' id='par_1_2' title="bbox 434 971 1446 1141">
     <span class='ocr_line' id='line_1_2' title="bbox 434 971 1446 1040; baseline 0.004 -4"><span class='ocrx_word' id='word_1_6' title='bbox 434 973 661 1038; x_wconf 84' lang='lat' dir='ltr'>EPISTOLA</span> <span class='ocrx_word' id='word_1_7' title='bbox 687 971 935 1039; x_wconf 77' lang='lat' dir='ltr'>XXXll.-an</span> <span class='ocrx_word' id='word_1_8' title='bbox 949 994 1107 1039; x_wconf 72' lang='lat' dir='ltr'>rosunum</span> <span class='ocrx_word' id='word_1_9' title='bbox 1123 993 1398 1040; x_wconf 77' lang='lat' dir='ltr'>runsaumaruu</span> <span class='ocrx_word' id='word_1_10' title='bbox 1443 998 1446 1001; x_wconf 52' lang='lat'><strong>⁴</strong></span> 
     </span>
     <span class='ocr_line' id='line_1_3' title="bbox 761 1095 1056 1141; baseline -0.003 -1"><span class='ocrx_word' id='word_1_11' title='bbox 761 1095 1056 1141; x_wconf 75' lang='lat' dir='ltr'>canruaamusnar.</span> 
     </span>
    </p>
   </div>
   <div class='ocr_carea' id='block_1_3' title="bbox 609 1192 1220 1257">
    <p class='ocr_par' dir='ltr' id='par_1_3' title="bbox 609 1192 1220 1257">
     <span class='ocr_line' id='line_1_4' title="bbox 609 1192 1220 1257; baseline 0 -2"><span class='ocrx_word' id='word_1_12' title='bbox 609 1192 736 1255; x_wconf 75' lang='lat' dir='ltr'>Ioanni</span> <span class='ocrx_word' id='word_1_13' title='bbox 751 1194 957 1257; x_wconf 77' lang='lat' dir='ltr'>thesaurario</span> <span class='ocrx_word' id='word_1_14' title='bbox 973 1192 1220 1256; x_wconf 76' lang='lat' dir='ltr'>Cantauriensi.</span> 
     </span>
    </p>
   </div>
   <div class='ocr_carea' id='block_1_4' title="bbox 436 1308 1404 3528">
    <p class='ocr_par' dir='ltr' id='par_1_4' title="bbox 436 1308 1404 3528">
     <span class='ocr_line' id='line_1_5' title="bbox 480 1308 1399 1391; baseline 0.004 -20"><span class='ocrx_word' id='word_1_15' title='bbox 480 1309 588 1376; x_wconf 79' lang='lat' dir='ltr'>Llcnr</span> <span class='ocrx_word' id='word_1_16' title='bbox 611 1321 717 1374; x_wconf 90' lang='lat' dir='ltr'>vestro</span> <span class='ocrx_word' id='word_1_17' title='bbox 740 1310 797 1373; x_wconf 90' lang='lat' dir='ltr'>sim</span> <span class='ocrx_word' id='word_1_18' title='bbox 820 1309 960 1373; x_wconf 85' lang='lat' dir='ltr'>offensus</span> <span class='ocrx_word' id='word_1_19' title='bbox 983 1308 1119 1391; x_wconf 83' lang='lat' dir='ltr'>silentio,</span> <span class='ocrx_word' id='word_1_20' title='bbox 1147 1308 1265 1373; x_wconf 85' lang='lat' dir='ltr'>amicos</span> <span class='ocrx_word' id='word_1_21' title='bbox 1288 1324 1399 1375; x_wconf 86' lang='lat' dir='ltr'>tamen</span> 
     </span>
     <span class='ocr_line' id='line_1_6' title="bbox 436 1410 1401 1497; baseline 0 -22"><span class='ocrx_word' id='word_1_22' title='bbox 436 1410 582 1496; x_wconf 83' lang='lat' dir='ltr'>alloquor</span> <span class='ocrx_word' id='word_1_23' title='bbox 589 1411 792 1475; x_wconf 85' lang='lat' dir='ltr'>veloffensus.</span> <span class='ocrx_word' id='word_1_24' title='bbox 809 1410 1176 1497; x_wconf 86' lang='lat' dir='ltr'>Alloquorquidem,sed</span> <span class='ocrx_word' id='word_1_25' title='bbox 1183 1411 1245 1474; x_wconf 92' lang='lat' dir='ltr'>alio</span> <span class='ocrx_word' id='word_1_26' title='bbox 1252 1432 1401 1478; x_wconf 90' lang='lat' dir='ltr'>sermone</span> 
     </span>
     <span class='ocr_line' id='line_1_7' title="bbox 438 1512 1402 1601; baseline 0.001 -24"><span class='ocrx_word' id='word_1_27' title='bbox 438 1535 535 1600; x_wconf 91' lang='lat' dir='ltr'>quam</span> <span class='ocrx_word' id='word_1_28' title='bbox 555 1514 752 1601; x_wconf 80' lang='lat' dir='ltr'>negligentia</span> <span class='ocrx_word' id='word_1_29' title='bbox 774 1528 880 1578; x_wconf 88' lang='lat' dir='ltr'>vestra</span> <span class='ocrx_word' id='word_1_30' title='bbox 900 1512 1062 1577; x_wconf 88' lang='lat' dir='ltr'>meruerit.</span> <span class='ocrx_word' id='word_1_31' title='bbox 1109 1512 1258 1577; x_wconf 87' lang='lat' dir='ltr'>Fueratis</span> <span class='ocrx_word' id='word_1_32' title='bbox 1280 1515 1402 1580; x_wconf 86' lang='lat' dir='ltr'><strong>etenim</strong></span> 
     </span>
     <span class='ocr_line' id='line_1_8' title="bbox 437 1610 1402 1700; baseline 0.001 -24"><span class='ocrx_word' id='word_1_33' title='bbox 437 1612 478 1676; x_wconf 94' lang='lat' dir='ltr'>de</span> <span class='ocrx_word' id='word_1_34' title='bbox 505 1613 713 1678; x_wconf 89' lang='lat' dir='ltr'>immoderato</span> <span class='ocrx_word' id='word_1_35' title='bbox 736 1612 861 1677; x_wconf 90' lang='lat' dir='ltr'>silentio</span> <span class='ocrx_word' id='word_1_36' title='bbox 889 1611 1095 1700; x_wconf 87' lang='lat' dir='ltr'>objurgandi,</span> <span class='ocrx_word' id='word_1_37' title='bbox 1121 1611 1175 1675; x_wconf 90' lang='lat' dir='ltr'>sed</span> <span class='ocrx_word' id='word_1_38' title='bbox 1199 1610 1402 1698; x_wconf 86' lang='lat' dir='ltr'>indignantis</span> 
     </span>
     <span class='ocr_line' id='line_1_9' title="bbox 440 1711 1402 1801; baseline 0.002 -25"><span class='ocrx_word' id='word_1_39' title='bbox 440 1712 587 1801; x_wconf 87' lang='lat' dir='ltr'>spiritum</span> <span class='ocrx_word' id='word_1_40' title='bbox 615 1713 804 1780; x_wconf 88' lang='lat' dir='ltr'>venerabilis</span> <span class='ocrx_word' id='word_1_41' title='bbox 839 1726 931 1799; x_wconf 86' lang='lat' dir='ltr'>pater</span> <span class='ocrx_word' id='word_1_42' title='bbox 967 1711 1052 1778; x_wconf 89' lang='lat' dir='ltr'>Rod.</span> <span class='ocrx_word' id='word_1_43' title='bbox 1084 1712 1265 1799; x_wconf 86' lang='lat' dir='ltr'>Episcopus</span> <span class='ocrx_word' id='word_1_44' title='bbox 1297 1716 1402 1780; x_wconf 89' lang='lat' dir='ltr'>sancti</span> 
     </span>
     <span class='ocr_line' id='line_1_10' title="bbox 438 1815 1401 1902; baseline 0 -22"><span class='ocrx_word' id='word_1_45' title='bbox 438 1816 576 1881; x_wconf 83' lang='lat' dir='ltr'>Andreae</span> <span class='ocrx_word' id='word_1_46' title='bbox 591 1816 745 1896; x_wconf 89' lang='lat' dir='ltr'>cohibuit,</span> <span class='ocrx_word' id='word_1_47' title='bbox 756 1838 922 1902; x_wconf 81' lang='lat' dir='ltr'><strong>personam</strong></span> <span class='ocrx_word' id='word_1_48' title='bbox 935 1837 1024 1877; x_wconf 89' lang='lat' dir='ltr'>suam</span> <span class='ocrx_word' id='word_1_49' title='bbox 1035 1827 1066 1879; x_wconf 91' lang='lat' dir='ltr'>et</span> <span class='ocrx_word' id='word_1_50' title='bbox 1082 1835 1213 1879; x_wconf 88' lang='lat' dir='ltr'>causam</span> <span class='ocrx_word' id='word_1_51' title='bbox 1229 1815 1401 1880; x_wconf 80' lang='lat' dir='ltr'>industriae</span> 
     </span>
     <span class='ocr_line' id='line_1_11' title="bbox 439 1916 1400 2002; baseline 0 -23"><span class='ocrx_word' id='word_1_52' title='bbox 439 1932 554 1981; x_wconf 86' lang='lat' dir='ltr'>vestrae</span> <span class='ocrx_word' id='word_1_53' title='bbox 565 1917 779 2002; x_wconf 82' lang='lat' dir='ltr'>commendari</span> <span class='ocrx_word' id='word_1_54' title='bbox 794 1916 991 1980; x_wconf 88' lang='lat' dir='ltr'>desiderans:</span> <span class='ocrx_word' id='word_1_55' title='bbox 1016 1929 1111 1981; x_wconf 85' lang='lat' dir='ltr'>vexat</span> <span class='ocrx_word' id='word_1_56' title='bbox 1123 1938 1196 1980; x_wconf 89' lang='lat' dir='ltr'>eum</span> <span class='ocrx_word' id='word_1_57' title='bbox 1209 1916 1310 1980; x_wconf 88' lang='lat' dir='ltr'>abbas</span> <span class='ocrx_word' id='word_1_58' title='bbox 1324 1918 1400 1981; x_wconf 89' lang='lat' dir='ltr'>Cal-</span> 
     </span>
     <span class='ocr_line' id='line_1_12' title="bbox 441 2016 1399 2105; baseline 0.001 -25"><span class='ocrx_word' id='word_1_59' title='bbox 441 2018 571 2093; x_wconf 89' lang='lat' dir='ltr'>coensis,</span> <span class='ocrx_word' id='word_1_60' title='bbox 586 2017 822 2105; x_wconf 81' lang='lat' dir='ltr'>Acepbalorum</span> <span class='ocrx_word' id='word_1_61' title='bbox 835 2029 1024 2102; x_wconf 90' lang='lat' dir='ltr'>provocatus</span> <span class='ocrx_word' id='word_1_62' title='bbox 1036 2016 1194 2103; x_wconf 88' lang='lat' dir='ltr'>exemplo,</span> <span class='ocrx_word' id='word_1_63' title='bbox 1205 2029 1236 2081; x_wconf 91' lang='lat' dir='ltr'>et</span> <span class='ocrx_word' id='word_1_64' title='bbox 1245 2039 1304 2101; x_wconf 91' lang='lat' dir='ltr'>per</span> <span class='ocrx_word' id='word_1_65' title='bbox 1313 2018 1399 2081; x_wconf 86' lang='lat' dir='ltr'>viam</span> 
     </span>
     <span class='ocr_line' id='line_1_13' title="bbox 441 2115 1402 2204; baseline 0.003 -25"><span class='ocrx_word' id='word_1_66' title='bbox 441 2115 664 2181; x_wconf 85' lang='lat' dir='ltr'>inobedientiae</span> <span class='ocrx_word' id='word_1_67' title='bbox 694 2141 789 2204; x_wconf 91' lang='lat' dir='ltr'>quam</span> <span class='ocrx_word' id='word_1_68' title='bbox 822 2118 974 2183; x_wconf 86' lang='lat' dir='ltr'>Christus</span> <span class='ocrx_word' id='word_1_69' title='bbox 1004 2118 1142 2203; x_wconf 85' lang='lat' dir='ltr'>ignorat,</span> <span class='ocrx_word' id='word_1_70' title='bbox 1170 2118 1334 2203; x_wconf 86' lang='lat' dir='ltr'>quandam</span> <span class='ocrx_word' id='word_1_71' title='bbox 1366 2119 1402 2182; x_wconf 92' lang='lat' dir='ltr'>li-</span> 
     </span>
     <span class='ocr_line' id='line_1_14' title="bbox 441 2220 1402 2306; baseline 0.002 -23"><span class='ocrx_word' id='word_1_72' title='bbox 441 2220 573 2284; x_wconf 90' lang='lat' dir='ltr'>bertatis</span> <span class='ocrx_word' id='word_1_73' title='bbox 584 2220 755 2306; x_wconf 87' lang='lat' dir='ltr'>imaginem</span> <span class='ocrx_word' id='word_1_74' title='bbox 771 2221 1012 2306; x_wconf 86' lang='lat' dir='ltr'>apprehendens</span> <span class='ocrx_word' id='word_1_75' title='bbox 1028 2220 1068 2284; x_wconf 89' lang='lat' dir='ltr'>ad</span> <span class='ocrx_word' id='word_1_76' title='bbox 1084 2221 1272 2306; x_wconf 88' lang='lat' dir='ltr'>episcopalis</span> <span class='ocrx_word' id='word_1_77' title='bbox 1287 2236 1402 2285; x_wconf 88' lang='lat' dir='ltr'>aucto-</span> 
     </span>
     <span class='ocr_line' id='line_1_15' title="bbox 441 2320 1402 2407; baseline 0.003 -24"><span class='ocrx_word' id='word_1_78' title='bbox 441 2320 545 2385; x_wconf 88' lang='lat' dir='ltr'>ritatis</span> <span class='ocrx_word' id='word_1_79' title='bbox 576 2322 765 2407; x_wconf 82' lang='lat' dir='ltr'>parilitatem</span> <span class='ocrx_word' id='word_1_80' title='bbox 793 2321 942 2406; x_wconf 88' lang='lat' dir='ltr'>assurgit.</span> <span class='ocrx_word' id='word_1_81' title='bbox 989 2322 1143 2407; x_wconf 86' lang='lat' dir='ltr'>Episcopi</span> <span class='ocrx_word' id='word_1_82' title='bbox 1167 2344 1243 2384; x_wconf 84' lang='lat' dir='ltr'>vero</span> <span class='ocrx_word' id='word_1_83' title='bbox 1268 2343 1402 2387; x_wconf 87' lang='lat' dir='ltr'>causam</span> 
     </span>
     <span class='ocr_line' id='line_1_16' title="bbox 444 2423 1403 2509; baseline 0.002 -23"><span class='ocrx_word' id='word_1_84' title='bbox 444 2423 535 2487; x_wconf 89' lang='lat' dir='ltr'>vobis</span> <span class='ocrx_word' id='word_1_85' title='bbox 568 2436 660 2509; x_wconf 89' lang='lat' dir='ltr'>pater</span> <span class='ocrx_word' id='word_1_86' title='bbox 690 2424 930 2489; x_wconf 88' lang='lat' dir='ltr'>Cantuariensis</span> <span class='ocrx_word' id='word_1_87' title='bbox 960 2423 1173 2498; x_wconf 88' lang='lat' dir='ltr'>commendat,</span> <span class='ocrx_word' id='word_1_88' title='bbox 1203 2433 1236 2487; x_wconf 91' lang='lat' dir='ltr'>et</span> <span class='ocrx_word' id='word_1_89' title='bbox 1264 2446 1337 2509; x_wconf 90' lang='lat' dir='ltr'>ego,</span> <span class='ocrx_word' id='word_1_90' title='bbox 1370 2439 1403 2488; x_wconf 90' lang='lat' dir='ltr'>et</span> 
     </span>
     <span class='ocr_line' id='line_1_17' title="bbox 443 2521 1401 2611; baseline 0.002 -23"><span class='ocrx_word' id='word_1_91' title='bbox 443 2547 539 2611; x_wconf 90' lang='lat' dir='ltr'>quem</span> <span class='ocrx_word' id='word_1_92' title='bbox 555 2521 755 2590; x_wconf 85' lang='lat' dir='ltr'>contemnere</span> <span class='ocrx_word' id='word_1_93' title='bbox 770 2549 833 2590; x_wconf 95' lang='lat' dir='ltr'>non</span> <span class='ocrx_word' id='word_1_94' title='bbox 856 2525 1029 2601; x_wconf 84' lang='lat' dir='ltr'>audebitis,</span> <span class='ocrx_word' id='word_1_95' title='bbox 1052 2523 1181 2588; x_wconf 87' lang='lat' dir='ltr'>humilis</span> <span class='ocrx_word' id='word_1_96' title='bbox 1196 2526 1401 2591; x_wconf 79' lang='lat' dir='ltr'>commendat</span> 
     </span>
     <span class='ocr_line' id='line_1_18' title="bbox 441 2625 1401 2716; baseline 0 -26"><span class='ocrx_word' id='word_1_97' title='bbox 441 2641 471 2692; x_wconf 86' lang='lat' dir='ltr'>et</span> <span class='ocrx_word' id='word_1_98' title='bbox 483 2629 605 2716; x_wconf 90' lang='lat' dir='ltr'>justus,</span> <span class='ocrx_word' id='word_1_99' title='bbox 619 2628 767 2694; x_wconf 87' lang='lat' dir='ltr'>Christus</span> <span class='ocrx_word' id='word_1_100' title='bbox 779 2627 939 2691; x_wconf 89' lang='lat' dir='ltr'>Dominus</span> <span class='ocrx_word' id='word_1_101' title='bbox 948 2649 1063 2690; x_wconf 88' lang='lat' dir='ltr'>nomen</span> <span class='ocrx_word' id='word_1_102' title='bbox 1075 2626 1132 2691; x_wconf 86' lang='lat' dir='ltr'>illi.</span> <span class='ocrx_word' id='word_1_103' title='bbox 1164 2625 1289 2690; x_wconf 87' lang='lat' dir='ltr'>Silentii</span> <span class='ocrx_word' id='word_1_104' title='bbox 1301 2628 1401 2691; x_wconf 85' lang='lat' dir='ltr'>vestri</span> 
     </span>
     <span class='ocr_line' id='line_1_19' title="bbox 443 2728 1400 2818; baseline 0.002 -25"><span class='ocrx_word' id='word_1_105' title='bbox 443 2730 556 2797; x_wconf 88' lang='lat' dir='ltr'>vitium</span> <span class='ocrx_word' id='word_1_106' title='bbox 571 2731 774 2818; x_wconf 86' lang='lat' dir='ltr'>aliquatenus</span> <span class='ocrx_word' id='word_1_107' title='bbox 789 2731 820 2795; x_wconf 92' lang='lat' dir='ltr'>in</span> <span class='ocrx_word' id='word_1_108' title='bbox 831 2730 971 2818; x_wconf 90' lang='lat' dir='ltr'>episcopi</span> <span class='ocrx_word' id='word_1_109' title='bbox 986 2753 1083 2795; x_wconf 89' lang='lat' dir='ltr'>causa</span> <span class='ocrx_word' id='word_1_110' title='bbox 1097 2728 1303 2815; x_wconf 85' lang='lat' dir='ltr'>purgabitur,</span> <span class='ocrx_word' id='word_1_111' title='bbox 1319 2728 1400 2795; x_wconf 90' lang='lat' dir='ltr'>dum</span> 
     </span>
     <span class='ocr_line' id='line_1_20' title="bbox 441 2831 1402 2920; baseline -0.001 -23"><span class='ocrx_word' id='word_1_112' title='bbox 441 2846 547 2897; x_wconf 87' lang='lat' dir='ltr'>tamen</span> <span class='ocrx_word' id='word_1_113' title='bbox 562 2833 657 2920; x_wconf 88' lang='lat' dir='ltr'>culpa</span> <span class='ocrx_word' id='word_1_114' title='bbox 668 2831 851 2919; x_wconf 88' lang='lat' dir='ltr'>praecedens</span> <span class='ocrx_word' id='word_1_115' title='bbox 862 2831 1100 2895; x_wconf 89' lang='lat' dir='ltr'>continuatione</span> <span class='ocrx_word' id='word_1_116' title='bbox 1112 2831 1162 2894; x_wconf 91' lang='lat' dir='ltr'>sui</span> <span class='ocrx_word' id='word_1_117' title='bbox 1179 2853 1241 2894; x_wconf 91' lang='lat' dir='ltr'>non</span> <span class='ocrx_word' id='word_1_118' title='bbox 1253 2844 1402 2896; x_wconf 87' lang='lat' dir='ltr'>vertatur</span> 
     </span>
     <span class='ocr_line' id='line_1_21' title="bbox 440 2932 1403 3019; baseline -0.001 -20"><span class='ocrx_word' id='word_1_119' title='bbox 440 2935 472 2999; x_wconf 90' lang='lat' dir='ltr'>in</span> <span class='ocrx_word' id='word_1_120' title='bbox 503 2935 629 2998; x_wconf 90' lang='lat' dir='ltr'>crimen.</span> <span class='ocrx_word' id='word_1_121' title='bbox 677 2937 710 3000; x_wconf 92' lang='lat' dir='ltr'>Si</span> <span class='ocrx_word' id='word_1_122' title='bbox 732 2958 809 2997; x_wconf 86' lang='lat' dir='ltr'>vero</span> <span class='ocrx_word' id='word_1_123' title='bbox 830 2932 969 3019; x_wconf 90' lang='lat' dir='ltr'>amplius</span> <span class='ocrx_word' id='word_1_124' title='bbox 993 2932 1154 3006; x_wconf 88' lang='lat' dir='ltr'>silueritis,</span> <span class='ocrx_word' id='word_1_125' title='bbox 1178 2954 1239 2995; x_wconf 93' lang='lat' dir='ltr'>non</span> <span class='ocrx_word' id='word_1_126' title='bbox 1263 2934 1403 2998; x_wconf 87' lang='lat' dir='ltr'>credatis</span> 
     </span>
     <span class='ocr_line' id='line_1_22' title="bbox 441 3034 1401 3120; baseline 0.003 -23"><span class='ocrx_word' id='word_1_127' title='bbox 441 3036 532 3098; x_wconf 87' lang='lat' dir='ltr'>vobis</span> <span class='ocrx_word' id='word_1_128' title='bbox 555 3058 621 3098; x_wconf 91' lang='lat' dir='ltr'>esse</span> <span class='ocrx_word' id='word_1_129' title='bbox 645 3035 862 3120; x_wconf 87' lang='lat' dir='ltr'>parcendum:</span> <span class='ocrx_word' id='word_1_130' title='bbox 899 3035 976 3120; x_wconf 89' lang='lat' dir='ltr'>quia</span> <span class='ocrx_word' id='word_1_131' title='bbox 1001 3034 1057 3119; x_wconf 91' lang='lat' dir='ltr'>qui</span> <span class='ocrx_word' id='word_1_132' title='bbox 1089 3056 1174 3097; x_wconf 90' lang='lat' dir='ltr'>nunc</span> <span class='ocrx_word' id='word_1_133' title='bbox 1200 3034 1310 3098; x_wconf 88' lang='lat' dir='ltr'>amicis</span> <span class='ocrx_word' id='word_1_134' title='bbox 1337 3057 1401 3101; x_wconf 91' lang='lat' dir='ltr'>non</span> 
     </span>
     <span class='ocr_line' id='line_1_23' title="bbox 444 3134 1403 3221; baseline 0.002 -22"><span class='ocrx_word' id='word_1_135' title='bbox 444 3135 527 3199; x_wconf 89' lang='lat' dir='ltr'>datis</span> <span class='ocrx_word' id='word_1_136' title='bbox 542 3134 654 3215; x_wconf 89' lang='lat' dir='ltr'>verba,</span> <span class='ocrx_word' id='word_1_137' title='bbox 674 3135 937 3219; x_wconf 85' lang='lat' dir='ltr'>extorquebimus</span> <span class='ocrx_word' id='word_1_138' title='bbox 958 3139 1009 3199; x_wconf 88' lang='lat' dir='ltr'>vel</span> <span class='ocrx_word' id='word_1_139' title='bbox 1030 3136 1171 3199; x_wconf 89' lang='lat' dir='ltr'>verbera.</span> <span class='ocrx_word' id='word_1_140' title='bbox 1216 3136 1322 3221; x_wconf 89' lang='lat' dir='ltr'>Apud</span> <span class='ocrx_word' id='word_1_141' title='bbox 1345 3159 1403 3201; x_wconf 88' lang='lat' dir='ltr'>nos</span> 
     </span>
     <span class='ocr_line' id='line_1_24' title="bbox 444 3235 1404 3322; baseline 0.003 -21"><span class='ocrx_word' id='word_1_142' title='bbox 444 3237 524 3301; x_wconf 89' lang='lat' dir='ltr'>nibil</span> <span class='ocrx_word' id='word_1_143' title='bbox 554 3249 602 3300; x_wconf 88' lang='lat' dir='ltr'>est</span> <span class='ocrx_word' id='word_1_144' title='bbox 638 3237 836 3311; x_wconf 90' lang='lat' dir='ltr'>innovatum,</span> <span class='ocrx_word' id='word_1_145' title='bbox 867 3237 927 3301; x_wconf 90' lang='lat' dir='ltr'>nisi</span> <span class='ocrx_word' id='word_1_146' title='bbox 958 3238 1046 3322; x_wconf 90' lang='lat' dir='ltr'>quod</span> <span class='ocrx_word' id='word_1_147' title='bbox 1077 3235 1225 3302; x_wconf 92' lang='lat' dir='ltr'>dominus</span> <span class='ocrx_word' id='word_1_148' title='bbox 1261 3237 1404 3304; x_wconf 85' lang='lat' dir='ltr'>Ellensis</span> 
     </span>
     <span class='ocr_line' id='line_1_25' title="bbox 446 3336 1404 3417; baseline 0.004 -15"><span class='ocrx_word' id='word_1_149' title='bbox 446 3338 597 3402; x_wconf 87' lang='lat' dir='ltr'>mandato</span> <span class='ocrx_word' id='word_1_150' title='bbox 612 3337 733 3401; x_wconf 92' lang='lat' dir='ltr'>domini</span> <span class='ocrx_word' id='word_1_151' title='bbox 757 3336 890 3402; x_wconf 89' lang='lat' dir='ltr'>Bosouis</span> <span class='ocrx_word' id='word_1_152' title='bbox 911 3338 1077 3417; x_wconf 85' lang='lat' dir='ltr'>satisfecit,</span> <span class='ocrx_word' id='word_1_153' title='bbox 1093 3338 1175 3404; x_wconf 90' lang='lat' dir='ltr'>sicut</span> <span class='ocrx_word' id='word_1_154' title='bbox 1190 3339 1247 3417; x_wconf 91' lang='lat' dir='ltr'>illi,</span> <span class='ocrx_word' id='word_1_155' title='bbox 1262 3351 1293 3403; x_wconf 93' lang='lat' dir='ltr'>et</span> <span class='ocrx_word' id='word_1_156' title='bbox 1310 3341 1404 3406; x_wconf 87' lang='lat' dir='ltr'>vobis</span> 
     </span>
     <span class='ocr_line' id='line_1_26' title="bbox 445 3440 799 3528; baseline 0.003 -25"><span class='ocrx_word' id='word_1_157' title='bbox 445 3440 584 3503; x_wconf 89' lang='lat' dir='ltr'>secundo</span> <span class='ocrx_word' id='word_1_158' title='bbox 593 3440 662 3528; x_wconf 89' lang='lat' dir='ltr'>jam</span> <span class='ocrx_word' id='word_1_159' title='bbox 678 3440 799 3526; x_wconf 88' lang='lat' dir='ltr'>scripsi.</span> 
     </span>
    </p>
   </div>
   <div class='ocr_carea' id='block_1_5' title="bbox 444 3626 1403 3794">
    <p class='ocr_par' dir='ltr' id='par_1_5' title="bbox 444 3626 1403 3794">
     <span class='ocr_line' id='line_1_27' title="bbox 444 3626 1403 3693; baseline -0.001 0"><span class='ocrx_word' id='word_1_160' title='bbox 444 3628 665 3693; x_wconf 85' lang='lat' dir='ltr'>EPISTOLA</span> <span class='ocrx_word' id='word_1_161' title='bbox 690 3626 965 3690; x_wconf 73' lang='lat' dir='ltr'>XXXIII.—ao</span> <span class='ocrx_word' id='word_1_162' title='bbox 982 3644 1190 3691; x_wconf 73' lang='lat' dir='ltr'>wmcmnruu</span> <span class='ocrx_word' id='word_1_163' title='bbox 1207 3645 1403 3691; x_wconf 78' lang='lat' dir='ltr'>uoawrcun-</span> 
     </span>
     <span class='ocr_line' id='line_1_28' title="bbox 781 3748 1062 3794; baseline 0.007 -3"><span class='ocrx_word' id='word_1_164' title='bbox 781 3749 847 3793; x_wconf 79' lang='lat' dir='ltr'>sam</span> <span class='ocrx_word' id='word_1_165' title='bbox 864 3748 1062 3794; x_wconf 76' lang='lat' dir='ltr'>ur1scoeuu.</span> 
     </span>
    </p>
   </div>
   <div class='ocr_carea' id='block_1_6' title="bbox 652 3857 1191 3937">
    <p class='ocr_par' dir='ltr' id='par_1_6' title="bbox 652 3857 1191 3937">
     <span class='ocr_line' id='line_1_29' title="bbox 652 3857 1191 3937; baseline -0.007 -17"><span class='ocrx_word' id='word_1_166' title='bbox 652 3858 805 3920; x_wconf 75' lang='lat' dir='ltr'>Wllclmo</span> <span class='ocrx_word' id='word_1_167' title='bbox 822 3857 1024 3919; x_wconf 81' lang='lat' dir='ltr'>Norwicensi</span> <span class='ocrx_word' id='word_1_168' title='bbox 1038 3862 1191 3937; x_wconf 77' lang='lat' dir='ltr'>episcopo.</span> 
     </span>
    </p>
   </div>
   <div class='ocr_carea' id='block_1_7' title="bbox 442 3979 1405 4472">
    <p class='ocr_par' dir='ltr' id='par_1_7' title="bbox 442 3979 1405 4472">
     <span class='ocr_line' id='line_1_30' title="bbox 487 3979 1402 4067; baseline -0.003 -19"><span class='ocrx_word' id='word_1_169' title='bbox 487 3989 688 4048; x_wconf 75' lang='lat' dir='ltr'>Macronem</span> <span class='ocrx_word' id='word_1_170' title='bbox 701 3983 881 4047; x_wconf 85' lang='lat' dir='ltr'>excessibus</span> <span class='ocrx_word' id='word_1_171' title='bbox 891 3984 974 4046; x_wconf 88' lang='lat' dir='ltr'>viam</span> <span class='ocrx_word' id='word_1_172' title='bbox 987 3981 1102 4067; x_wconf 89' lang='lat' dir='ltr'>aperit,</span> <span class='ocrx_word' id='word_1_173' title='bbox 1112 3979 1168 4066; x_wconf 92' lang='lat' dir='ltr'>qui</span> <span class='ocrx_word' id='word_1_174' title='bbox 1182 3980 1402 4067; x_wconf 88' lang='lat' dir='ltr'>subjectorum</span> 
     </span>
     <span class='ocr_line' id='line_1_31' title="bbox 444 4081 1405 4168; baseline 0.001 -22"><span class='ocrx_word' id='word_1_175' title='bbox 444 4081 650 4146; x_wconf 84' lang='lat' dir='ltr'>dissimulatis</span> <span class='ocrx_word' id='word_1_176' title='bbox 679 4083 851 4162; x_wconf 87' lang='lat' dir='ltr'>erroribus,</span> <span class='ocrx_word' id='word_1_177' title='bbox 880 4084 908 4145; x_wconf 89' lang='lat' dir='ltr'>ei</span> <span class='ocrx_word' id='word_1_178' title='bbox 942 4094 1074 4168; x_wconf 85' lang='lat' dir='ltr'>praestat</span> <span class='ocrx_word' id='word_1_179' title='bbox 1104 4081 1268 4146; x_wconf 86' lang='lat' dir='ltr'>audaciam</span> <span class='ocrx_word' id='word_1_180' title='bbox 1299 4081 1405 4147; x_wconf 90' lang='lat' dir='ltr'>delin-</span> 
     </span>
     <span class='ocr_line' id='line_1_32' title="bbox 443 4180 1404 4268; baseline 0.002 -24"><span class='ocrx_word' id='word_1_181' title='bbox 443 4180 575 4267; x_wconf 90' lang='lat' dir='ltr'>quendi.</span> <span class='ocrx_word' id='word_1_182' title='bbox 621 4182 672 4243; x_wconf 90' lang='lat' dir='ltr'>Tu</span> <span class='ocrx_word' id='word_1_183' title='bbox 703 4192 809 4244; x_wconf 89' lang='lat' dir='ltr'>autem</span> <span class='ocrx_word' id='word_1_184' title='bbox 831 4182 864 4242; x_wconf 93' lang='lat' dir='ltr'>iu</span> <span class='ocrx_word' id='word_1_185' title='bbox 888 4181 1035 4264; x_wconf 86' lang='lat' dir='ltr'>injuriam</span> <span class='ocrx_word' id='word_1_186' title='bbox 1059 4180 1347 4268; x_wconf 75' lang='lat' dir='ltr'>sedisapostolicae</span> <span class='ocrx_word' id='word_1_187' title='bbox 1370 4194 1404 4246; x_wconf 89' lang='lat' dir='ltr'>et</span> 
     </span>
     <span class='ocr_line' id='line_1_33' title="bbox 442 4281 1405 4368; baseline 0 -23"><span class='ocrx_word' id='word_1_188' title='bbox 442 4291 660 4365; x_wconf 85' lang='lat' dir='ltr'>contemptum</span> <span class='ocrx_word' id='word_1_189' title='bbox 677 4292 820 4344; x_wconf 91' lang='lat' dir='ltr'>nostrum</span> <span class='ocrx_word' id='word_1_190' title='bbox 839 4282 981 4365; x_wconf 88' lang='lat' dir='ltr'>graviter</span> <span class='ocrx_word' id='word_1_191' title='bbox 1006 4284 1121 4347; x_wconf 89' lang='lat' dir='ltr'>diceris</span> <span class='ocrx_word' id='word_1_192' title='bbox 1146 4281 1330 4368; x_wconf 89' lang='lat' dir='ltr'>deliquisse,</span> <span class='ocrx_word' id='word_1_193' title='bbox 1346 4281 1405 4367; x_wconf 92' lang='lat' dir='ltr'>qui</span> 
     </span>
     <span class='ocr_line' id='line_1_34' title="bbox 442 4381 1403 4472; baseline -0.003 -24"><span class='ocrx_word' id='word_1_194' title='bbox 442 4396 610 4472; x_wconf 90' lang='lat' dir='ltr'>postquam</span> <span class='ocrx_word' id='word_1_195' title='bbox 627 4381 667 4446; x_wconf 89' lang='lat' dir='ltr'>ad</span> <span class='ocrx_word' id='word_1_196' title='bbox 686 4405 743 4446; x_wconf 88' lang='lat' dir='ltr'>nos</span> <span class='ocrx_word' id='word_1_197' title='bbox 769 4405 865 4468; x_wconf 89' lang='lat' dir='ltr'>super</span> <span class='ocrx_word' id='word_1_198' title='bbox 892 4405 1000 4464; x_wconf 87' lang='lat' dir='ltr'>causa,</span> <span class='ocrx_word' id='word_1_199' title='bbox 1016 4408 1090 4469; x_wconf 87' lang='lat' dir='ltr'>quac</span> <span class='ocrx_word' id='word_1_200' title='bbox 1106 4384 1292 4448; x_wconf 86' lang='lat' dir='ltr'>vertebatur</span> <span class='ocrx_word' id='word_1_201' title='bbox 1317 4383 1403 4446; x_wconf 87' lang='lat' dir='ltr'>inter</span> 
     </span>
    </p>
   </div>
   <div class='ocr_carea' id='block_1_8' title="bbox 0 0 1849 5475">
    <p class='ocr_par' dir='ltr' id='par_1_8' title="bbox 0 0 1849 5475">
     <span class='ocr_line' id='line_1_35' title="bbox 0 0 1849 5475; baseline 0 0"><span class='ocrx_word' id='word_1_202' title='bbox 0 0 1849 5475; x_wconf 95' lang='lat' dir='ltr'> </span> 
     </span>
    </p>
   </div>
  </div>
 </body>
</html>
