3667 5475
436 766 497 830 102
685 781 822 826 mansis
836 779 1112 826 strassenrassrs
1289 765 1338 840 [Δ.
1357 784 1390 831 n.

427 933 593 1021 judicium.
638 932 734 1009 Quod
758 945 794 995 ut
817 932 945 1017 possitis
964 931 1143 996 examinare
1165 930 1302 1009 facilius,
1316 955 1387 997 reru

431 1036 542 1123 paucis
566 1033 715 1121 aperiam.
761 1033 891 1119 Elapsis
915 1032 1089 1097 admodum
1115 1032 1228 1118 paucis
1256 1031 1389 1110 diebus,

430 1145 601 1223 postquam
623 1134 664 1199 ad
687 1156 744 1197 uos
766 1131 934 1219 applicuit,
960 1132 1064 1218 palam
1091 1132 1241 1197 omnibus
1263 1134 1388 1204 lactum

432 1250 490 1318 est,
504 1235 582 1325 quia
595 1235 624 1300 ei
639 1233 729 1300 labor
748 1234 898 1321 perierat,
913 1248 946 1299 et
962 1234 1052 1299 vobis
1072 1257 1170 1320 opera
1185 1246 1217 1298 ct
1232 1234 1389 1320 impensa.

432 1338 561 1408 Deinde
582 1337 761 1416 nobiseum,
774 1350 807 1410 et
829 1336 862 1409 in
884 1335 1021 1402 circuitu
1044 1350 1154 1401 nostro
1175 1349 1318 1416 moratus
1338 1350 1390 1404 est

432 1462 490 1527 par
504 1438 574 1508 dies
587 1438 723 1526 aliquot,
735 1452 766 1502 et
780 1460 812 1502 se
827 1436 929 1502 levius
944 1460 1041 1523 quam
1057 1438 1233 1525 expediret,
1244 1437 1278 1502 iu
1288 1438 1390 1515 verbe

432 1542 592 1622 duntaxat
606 1554 639 1607 et
654 1554 747 1627 gestu
762 1539 856 1621 (nihil
872 1543 956 1605 enim
972 1540 1178 1609 criminosum
1194 1541 1225 1605 in
1242 1564 1280 1605 eo
1294 1542 1392 1627 argui

432 1648 550 1731 potest)
574 1644 738 1731 paulisper
759 1642 877 1707 babere
902 1642 1011 1729 coepit.
1058 1641 1234 1707 Conlinunt
1261 1642 1302 1707 ad
1330 1666 1390 1716 nos

433 1747 524 1813 multi
540 1750 700 1833 sapientes
719 1757 751 1810 et
773 1745 971 1831 insipientes,
987 1758 1023 1809 ut
1040 1768 1128 1810 error
1142 1760 1200 1824 aut
1215 1745 1390 1832 prudentia

434 1870 589 1935 nusqmm
628 1848 728 1934 possit
763 1846 890 1912 facilius
918 1845 1123 1933 deprehendi.
1184 1848 1275 1915 Sicut
1310 1870 1390 1934 ergo

434 1950 581 2035 placebat
603 1949 739 2013 bominis
760 1948 915 2014 sobrietas
936 1962 969 2011 et
991 1949 1198 2027 continentia,
1214 1951 1260 2012 sic
1275 1949 1390 2015 levitas

436 2050 536 2127 verbi,
552 2065 583 2115 et
599 2064 722 2135 gestus,
737 2065 769 2115 et
784 2050 986 2119 consiliorum
1007 2051 1219 2128 inconstantia
1241 2050 1389 2138 displice-⁵

434 2153 502 2218 bat.
548 2152 744 2217 Morebatar
765 2153 848 2217 enirn
874 2152 967 2218 facile
992 2165 1025 2217 et
1050 2155 1309 2238 intemperanter,
1332 2154 1388 2220 sed

435 2255 513 2322 iram
540 2254 702 2330 interdum
729 2254 823 2321 facile
848 2256 1039 2342 deponebat,
1066 2269 1098 2323 et
1122 2255 1200 2341 quia
1223 2256 1389 2331 convictus

435 2355 614 2437 etrrialium,
628 2356 856 2443 popularisque
876 2358 1035 2435 tumultus
1056 2358 1300 2444 simplicioribus
1321 2361 1389 2437 ani·

434 2459 495 2524 mis
505 2472 747 2545 numquamaut
758 2483 832 2524 raro
841 2461 967 2547 prolicit
982 2461 1023 2525 ad
1039 2460 1232 2545 religionem,
1241 2462 1389 2527 consulto

434 2560 540 2651 ipsum
555 2560 639 2625 circa
650 2562 849 2643 monasteria,
859 2576 891 2627 et
900 2563 1077 2642 canonicas,
1089 2563 1210 2649 quibus
1221 2563 1389 2646 familiaris

435 2684 533 2740 eram,
545 2660 623 2727 dum
633 2662 721 2749 apud
732 2685 790 2728 nos
801 2660 952 2750 degebat,
961 2662 1047 2729 volui
1059 2661 1229 2745 immorari.
1253 2664 1389 2746 Interim

436 2786 567 2850 quoque
582 2763 719 2842 consuli,
733 2776 770 2829 nt
785 2776 938 2850 cognatos
958 2787 1043 2844 suos,
1058 2787 1140 2850 quos
1157 2763 1292 2843 volebat,
1307 2765 1391 2830 invi-

437 2880 534 2932 seret:
558 2866 604 2931 ita
616 2884 720 2932 tamen
736 2881 774 2946 pt
785 2867 832 2946 eis
841 2890 1043 2954 nequaquam
1056 2867 1147 2932 daret
1162 2891 1249 2954 spem
1265 2868 1392 2949 reditus

436 2969 497 3034 sui.
541 2971 705 3056 Expertus
730 2971 813 3035 enim
841 2993 910 3034 snm
936 2970 969 3035 in
994 2970 1104 3036 multia
1128 2970 1276 3056 negotiis,
1299 2974 1389 3058 quod

437 3095 539 3159 qnurn
567 3074 601 3136 in
632 3075 729 3139 turba
758 3073 891 3144 seculari
921 3074 1022 3139 solum
1053 3075 1243 3139 monachum
1271 3076 1391 3150 versari

436 3173 650 3261 periculosum
667 3188 726 3255 est,
734 3175 767 3238 in
782 3189 877 3258 gente
891 3188 1000 3241 nostra
1016 3175 1315 3262 periculosissimum
1331 3192 1390 3245 est.

437 3279 580 3341 Puerum
595 3298 682 3358 ergo,
698 3297 865 3364 perquem
882 3276 972 3341 vobis
987 3276 1106 3360 gratias
1120 3277 1170 3362 egi
1186 3277 1226 3340 de
1241 3279 1392 3363 panibus,

437 3389 549 3463 potum
581 3398 710 3462 quoque
741 3389 862 3464 petens,
891 3378 1041 3464 quoniam
1072 3402 1133 3443 non
1163 3380 1265 3464 magis
1293 3382 1393 3466 epulo

437 3499 534 3563 quam
550 3477 626 3541 bibo
641 3501 724 3555 sum,
737 3479 817 3545 sicut
832 3482 944 3558 nostis,
958 3481 998 3544 ad
1016 3504 1071 3544 vos
1086 3481 1252 3559 destinavi,
1270 3495 1306 3546 ut
1323 3507 1391 3548 ves-

438 3593 521 3644 trum
538 3600 634 3664 super
649 3602 736 3643 mora
749 3579 797 3643 vel
813 3580 919 3646 reditu
936 3583 1006 3668 ejus
1021 3582 1187 3646 consilium
1203 3597 1390 3669 reportaret.

437 3679 513 3756 Quo
533 3703 653 3746 moram
673 3682 819 3760 faciente,
842 3707 943 3769 quum
965 3685 1025 3748 hoo
1046 3685 1196 3770 expedire
1216 3708 1392 3763 cernerem,

436 3786 567 3850 fratrem
583 3786 741 3850 Thomam
761 3788 881 3861 monui,
899 3799 936 3850 ut
952 3786 1080 3852 rediret.
1126 3788 1300 3853 Molestum
1318 3790 1390 3875 qui-

436 3888 508 3953 dem
533 3888 610 3965 fait,
637 3910 693 3951 nec
718 3889 760 3953 ob
787 3888 847 3953 hoc
869 3888 990 3970 destiti,
1012 3889 1067 3957 sed
1090 3913 1128 3954 eo
1150 3890 1252 3975 magis
1273 3890 1391 3968 institi,

436 3989 525 4074 quod
547 3989 588 4052 de
602 4013 640 4056 eo
655 3989 830 4068 retinendo,
847 3991 965 4076 plures,
990 3995 1046 4078 qui
1070 3993 1199 4057 eumad
1216 3991 1390 4072 modicum,

437 4102 481 4162 et,
509 4100 545 4152 ut
574 4087 623 4160 fit,
648 4086 680 4151 in
712 4089 846 4154 transitu
875 4089 1032 4168 viderant,
1058 4090 1205 4155 videbam
1230 4090 1394 4158 sollicitos.

436 4190 519 4266 Nam
549 4200 581 4249 et
611 4208 661 4250 me
690 4186 822 4269 quidam
854 4213 964 4254 eorum
999 4190 1220 4262 sollicitabant.
1281 4192 1392 4278 Magis

436 4292 545 4376 itaque
570 4298 677 4350 motus
701 4309 781 4370 sum,
807 4299 839 4350 et
865 4299 898 4352 ut
926 4289 1056 4372 rediret,
1080 4293 1232 4378 majorem
1258 4315 1392 4377 operam

435 4392 519 4461 dedi.
565 4391 649 4456 Nam
672 4387 711 4452 de
734 4387 889 4455 industria
914 4391 1058 4463 subtraxi
1083 4407 1242 4481 sumptus,
1260 4394 1398 4459 consilia-
