3667 5475
437 780 497 841 198
691 793 828 837 mamus
844 791 1127 836 sannsnuarnusrs
1297 776 1342 856 [A.
1359 796 1391 840 n.

437 1045 656 1109 Epistola
683 1046 959 1107 cxxxix-in
980 1062 1160 1107 nauarcoru
1177 1062 1393 1117 naroenasnm

608 1163 795 1209 EPISCOPUM
813 1164 981 1208 annerum.
1008 1145 1086 1225 [an.
1109 1148 1217 1226 ilua}

532 1294 672 1356 Domino
687 1289 831 1357 Hearico
846 1296 940 1357 electo
956 1292 1129 1357 Baioeenar'
1143 1296 1295 1378 episcopo.

379 1440 382 1445 ¹
480 1455 556 1515 Nori
574 1470 680 1534 parvae
697 1448 885 1513 temeritatis
900 1463 959 1524 est,
976 1450 1001 1511 si
1013 1448 1089 1535 quis
1104 1470 1262 1513 evacuare*
1275 1450 1394 1515 nititur

435 1552 600 1617 consilium
640 1551 782 1630 Domini,
810 1551 914 1635 cujus,
945 1554 1005 1615 etsi
1040 1564 1184 1615 mutetur
1221 1551 1391 1629 sententia,

435 1655 602 1741 dispositio
623 1670 727 1719 tamen
748 1676 870 1739 semper
890 1653 1059 1740 impletum
1088 1653 1221 1739 proinde
1244 1676 1302 1717 nec
1326 1652 1393 1716 ior-

435 1772 522 1823 tuuoe
557 1756 716 1822 saevientis
744 1755 910 1835 acerbitas,
941 1779 998 1819 nec
1027 1757 1191 1821 adulantis
1217 1754 1392 1820 blandities

435 1862 647 1945 compositum
684 1860 824 1929 animum
862 1859 910 1923 sni
947 1859 1054 1923 reddit
1090 1859 1317 1931 immemorem,
1351 1871 1389 1922 ut

437 1975 554 2027 statum
579 1974 694 2047 speret,
714 1962 776 2023 nisi
795 1960 836 2023 de
857 1961 973 2045 gratia,
988 1959 1039 2023 vel
1059 1982 1165 2023 casum
1191 1958 1311 2035 timeat,
1327 1960 1391 2024 nisi

436 2066 477 2128 de
498 2065 651 2128 malorum
679 2063 868 2126 couscientia
888 2063 1083 2128 meritorum.
1130 2063 1248 2147 Itaque
1271 2060 1330 2147 qui
1353 2085 1389 2126 se

436 2169 598 2232 existimat
626 2178 719 2241 stare,
746 2165 915 2230 videatne
939 2165 1044 2242 cadat,
1071 2178 1220 2252 atquem
1244 2153 1388 2229 mundus

437 2269 652 2353 persequitur,
681 2269 795 2329 clamet
824 2266 865 2329 ad
896 2267 1092 2341 Dominum;
1132 2289 1189 2352 per
1217 2270 1311 2351 cujus
1338 2280 1389 2331 est

436 2368 683 2432 misericordiam
720 2366 917 2446 liberandus,
948 2368 972 2431 si
1002 2387 1173 2433 conversus
1204 2368 1390 2434 clamaverit

437 2471 651 2536 confidenter:
683 2469 771 2554 quia,
801 2470 840 2532 In
871 2483 1028 2555 quantum
1064 2471 1137 2557 quis
1169 2471 1317 2557 desperat
1346 2470 1388 2535 de

436 2573 551 2659 gratia,
572 2597 609 2637 eo
632 2571 701 2659 ipso
724 2571 860 2655 gratiam
879 2572 1070 2638 demeretur.
1117 2575 1200 2636 Nam
1224 2573 1295 2659 quis
1317 2588 1387 2659 spc-

438 2675 519 2740 ravit
544 2674 575 2737 iu
604 2674 752 2754 Domino,
778 2685 810 2736 et
835 2673 1007 2739 derelictus
1028 2679 1099 2740 est?
1138 2679 1185 2741 Ut
1208 2674 1297 2740 vobis
1320 2677 1387 2742 baec

353 2805 358 2811 ·
438 2787 595 2854 constent,
611 2798 673 2840 non
689 2775 790 2859 magis
805 2775 938 2861 potestis
953 2776 1057 2860 legere
1076 2777 1108 2840 iri
1133 2779 1266 2841 Patrum
1287 2778 1387 2859 libris,

439 2885 535 2965 quam
551 2883 678 2943 oculata
693 2879 755 2941 lide
771 2878 996 2963 conspicerem
1013 2879 1072 2941 viis
1087 2879 1210 2944 restria.
1256 2881 1339 2945 Nam
1355 2895 1388 2947 et

437 3005 497 3067 ego
511 2983 571 3045 hoc
587 2981 679 3044 video
699 2980 838 3044 recolens
858 3003 956 3044 annos
976 2981 1196 3046 adolescentia
1212 2996 1340 3062 vestrae,
1355 2998 1387 3051 et

438 3105 611 3169 processuS,
635 3083 708 3144 licet
732 3104 764 3145 se
788 3081 1015 3145 adversitatum
1041 3083 1180 3147 turbines
1204 3083 1387 3169 frequenter

435 3187 627 3272 ingererent,
639 3184 761 3269 jugiter
777 3197 979 3270 prosperatos
994 3208 1062 3248 esse
1077 3184 1108 3249 in
1125 3187 1275 3250 Domino.
1313 3191 1387 3252 Hoc

435 3290 568 3351 fortasse
592 3298 728 3364 sanctus,
750 3300 782 3349 et
803 3299 892 3350 tanta
911 3288 1001 3373 prole
1022 3288 1137 3372 dignus
1159 3303 1251 3375 pater
1271 3304 1384 3367 vester,

435 3392 524 3452 velut
554 3386 634 3451 alter
663 3388 776 3463 Jacob,
808 3390 1015 3473 praesagiebat
1041 3390 1073 3454 in
1106 3391 1227 3476 Spiritu
1258 3393 1384 3469 Sancte,

434 3489 491 3575 qui
526 3508 582 3550 vos
620 3487 701 3552 sicut
735 3503 842 3564 suum,
871 3503 903 3553 et
935 3489 993 3552 sibi
1029 3503 1141 3554 notum
1178 3490 1313 3576 Josepb,
1350 3491 1383 3556 iu

432 3590 574 3680 germine
590 3592 746 3656 virtutum
768 3594 1043 3673 succrescentium,
1063 3617 1142 3679 quas
1158 3595 1297 3671 videbat,
1319 3611 1385 3660 atn-

432 3696 632 3784 plectebatur
654 3718 721 3781 prae
745 3695 879 3770 caeteris,
903 3707 935 3758 et
957 3697 1023 3759 fere
1045 3697 1208 3782 usquead
1230 3697 1384 3762 invidiam

431 3799 566 3863 fratrum
594 3821 625 3862 se
653 3808 756 3862 totum
786 3796 974 3882 indulgebat
1008 3797 1048 3873 ei,
1079 3812 1172 3882 quem·
1200 3820 1219 3862 a
1245 3799 1384 3863 Domino

432 3913 563 3964 noverat
582 3899 797 3984 praeelectum,
814 3911 845 3962 et
861 3922 920 3983 pro
941 3898 1074 3962 aliorum
1099 3899 1199 3964 salute
1220 3922 1278 3987 per
1293 3917 1383 3985 pros-

432 4024 508 4085 pera
531 4012 562 4063 et
580 4001 720 4080 adversa,
744 4023 802 4084 per
824 4000 985 4063 infamiam
1007 4013 1038 4063 et
1059 4001 1174 4065 bonam
1197 4001 1327 4077 famam,
1350 4000 1382 4064 in
1428 4032 1431 4036 ·

431 4103 610 4188 principum
634 4102 767 4186 gratiam
792 4103 1065 4186 praemittendum.
1116 4102 1149 4166 Si
1173 4103 1302 4188 quidem
1327 4127 1383 4166 vos

428 4227 487 4290 pro
500 4203 639 4267 Domino
654 4215 685 4264 et
701 4203 839 4283 ecclesia,
849 4228 907 4289 pro
922 4213 1060 4288 patre’et
1076 4205 1230 4268 fratribus
1244 4207 1382 4289 gustatis

430 4305 469 4367 de
486 4301 582 4368 calice
605 4301 676 4378 isto,
693 4315 724 4365 et
745 4303 838 4367 etiam
859 4303 938 4368 citra
959 4305 1042 4368 sitim
1061 4305 1151 4369 vobis
1174 4305 1381 4391 absynthium

430 4405 633 4494 propinatum
657 4416 702 4468 est
727 4418 758 4468 et
779 4419 903 4471 acetum
920 4407 960 4482 ab
976 4407 1037 4491 his,
1055 4407 1110 4492 qui
1136 4407 1226 4471 nobis
1248 4407 1379 4472 miscent
