3667 5475
497 736 557 795 178
752 748 885 793 maurus
900 744 1180 793 stanssunrsnsrs
1351 730 1399 808 [r.
1415 747 1447 792 a

495 984 715 1049 EPISTOLA
737 984 1232 1161 CXXVIIL—suwrpuunuurs
1243 1001 1451 1056 urtsutokw.

858 1086 944 1157 [sut.
967 1087 1060 1146 1156.

776 1213 937 1296 Epriaoopo
951 1214 1163 1278 Norwlcensi.

541 1332 695 1395 Nunrros
721 1342 845 1394 nostros
868 1353 886 1393 a
911 1329 1041 1394 domino
1067 1352 1141 1413 rege
1165 1328 1333 1393 redeuntes
1360 1352 1454 1393 sanos

498 1429 684 1514 recepimus,
708 1429 930 1515 promittentes
954 1429 986 1491 in
1017 1427 1157 1493 adventu
1183 1429 1279 1515 regis,
1305 1442 1453 1513 optatum

498 1529 706 1615 petitionibus
721 1530 836 1595 nostris
850 1530 1007 1596 effectum.
1055 1531 1093 1593 In
1108 1520 1356 1595 omnibus‘enim
1376 1554 1452 1595 con-

498 1630 568 1694 silio
592 1630 713 1694 domini
740 1628 967 1715 archiepiscopi
993 1626 1190 1712 adquiescet,
1212 1641 1244 1691 et
1270 1628 1395 1707 honori,
1419 1645 1452 1697 et

498 1728 632 1796 utilitati
647 1730 785 1795 ecclesiae
800 1743 868 1794 tota
883 1728 998 1793 mentis
1012 1728 1188 1793 intentione
1207 1729 1380 1796 studiosius
1401 1732 1451 1796 in·

498 1831 654 1916 vigilabit.
699 1836 818 1897 Verum
846 1829 971 1893 iuterim
999 1830 1179 1914 scutagium
1202 1829 1364 1895 remittere
1387 1855 1450 1896 non

497 1945 614 2017 potest,
630 1947 662 1997 et
684 1955 703 1996 a
725 1930 919 2021 quibusdam
934 1930 1154 1996 exactionibus
1175 1930 1344 2009 abstinere,
1369 1956 1451 2019 quo-

496 2034 582 2095 niam
597 2032 707 2097 lintris
727 2032 833 2117 gratia
854 2031 936 2094 male
959 2044 1045 2095 sarta
1062 2029 1277 2116 nequicquam·
1291 2032 1377 2108 coiit,
1394 2036 1450 2099 sed

496 2132 539 2197 ob
561 2131 621 2195 hoc
642 2132 902 2217 perniciosissime
926 2132 1022 2195 scissa
1044 2144 1102 2211 est,
1118 2131 1205 2216 quod
1228 2131 1357 2197 domino
1380 2138 1449 2221 regi

496 2231 597 2295 frater
618 2245 717 2297 totam
740 2232 958 2298 haereditatem
982 2245 1158 2318 paternam,
1178 2236 1363 2299 nominatim
1388 2250 1450 2301 ter-

496 2353 577 2408 ram,
591 2336 684 2420 cujus
698 2334 728 2397 ei
750 2334 973 2420 possessionem
991 2333 1039 2398 vis
1061 2335 1162 2420 major
1184 2334 1329 2414 abstulit,
1345 2338 1450 2405 noluit

497 2432 655 2518 abjurare,
665 2458 766 2520 quum
779 2448 883 2499 tamen
897 2435 1090 2499 munitiones
1099 2446 1130 2497 et
1141 2435 1209 2519 regi
1218 2435 1339 2514 cedere,
1349 2452 1381 2502 et
1392 2440 1450 2505 ob-

498 2531 581 2597 sides
595 2533 672 2597 dare
686 2549 819 2620 paratus
835 2545 928 2613 esset,
944 2546 981 2598 ut
996 2546 1113 2598 terram
1130 2555 1227 2618 quam
1242 2533 1326 2599 douo
1350 2541 1452 2622 patrls

496 2633 663 2714 habuerat,
692 2648 904 2721 recuperaret.
961 2634 1130 2698 Profectus
1159 2656 1236 2719 ergo
1264 2637 1305 2699 ad
1341 2659 1449 2723 regem

498 2734 707 2815 Francorum,
720 2736 844 2802 comitis
857 2733 1039 2800 Theobaldi
1049 2734 1152 2799 fretus
1167 2734 1298 2816 auxilio,
1311 2739 1452 2804 Francos

497 2837 687 2904 sollicitatio
704 2838 870 2925 dispendia
883 2852 1003 2914 nostra,
1014 2851 1046 2901 et
1057 2836 1190 2923 jugulos
1202 2861 1312 2902 eorum
1328 2841 1450 2906 divitiis

495 2940 625 3016 nostris,
641 2939 774 3017 viribus,
795 2955 828 3003 et
853 2942 1004 3025 potestati
1030 2950 1131 3002 tentat
1155 2960 1326 3024 opponere.
1372 2945 1450 3027 Agit

496 3039 579 3104 forte
595 3051 632 3104 ut
643 3041 691 3104 vel
708 3045 750 3105 sic
765 3043 895 3106 fortuna
909 3042 1012 3128 possit
1026 3041 1157 3126 gravius
1172 3045 1355 3124 promereri,
1368 3070 1449 3130 quo-

496 3139 592 3202 modo
606 3161 711 3224 regem
735 3154 767 3204 et
789 3153 915 3223 gentem
939 3141 1147 3218 Francorum,
1162 3135 1288 3205 favente
1309 3144 1448 3226 justitia,

496 3237 551 3302 det
566 3243 599 3302 in
615 3241 762 3304 manibus
776 3243 902 3306 nostris.
947 3237 1157 3326 Implebimus
1171 3239 1202 3302 in
1219 3264 1256 3303 eo
1271 3265 1448 3309 mensuram

496 3350 624 3422 patrum
639 3354 833 3419 nostrorum,
849 3343 875 3406 si
894 3356 999 3407 tamen
1021 3364 1131 3405 eorum
1154 3354 1236 3406 sorte
1252 3344 1449 3411 voluerimus

494 3460 561 3501 esse
585 3441 735 3506 contenti.
783 3444 846 3506 Sed
872 3447 1014 3530 profecto
1041 3445 1145 3528 majus
1171 3457 1218 3507 est
1244 3444 1329 3529 quod
1354 3449 1448 3513 nobis

494 3540 641 3606 restituto
656 3547 802 3608 Vernone
824 3545 954 3610 fortuna
976 3544 1147 3629 promittit.
1195 3548 1365 3630 Speratum
1381 3550 1446 3612 col·

493 3642 638 3727 loquium
664 3645 754 3708 nobis
778 3647 1007 3711 subtraxerunt
1033 3646 1145 3711 Franci
1170 3647 1299 3710 consilio
1321 3651 1447 3714 comitis

495 3742 686 3809 Theobaldi.
732 3748 889 3811 Dominus
910 3769 965 3811 rex
989 3749 1030 3811 ab
1049 3745 1233 3829 Andegavis
1247 3760 1277 3810 et
1301 3749 1446 3815 Pictavia

439 3892 441 3896 ,
493 3843 618 3907 rediens
629 3845 670 3908 ad
686 3868 742 3909 nos
755 3847 948 3911 transmittet
963 3847 1020 3932 qui
1032 3869 1188 3910 summam
1201 3868 1307 3922 rerum
1323 3863 1445 3932 gerant,

494 3957 525 4004 et
542 3945 688 4008 absentes
702 3947 803 4031 ipsius
819 3945 933 4010 damna
949 3947 1115 4012 commissa
1130 3946 1189 4009 sibl
1200 3945 1285 4039 juris
1297 3948 1445 4013 adminis-

504 4042 640 4104 tratione
655 4059 868 4127 compensent.
