3667 5475
480 773 540 832 156
737 782 873 829 rusxsts
889 781 1170 825 stausuumsxszs
1340 762 1386 841 [a
1405 782 1437 825 n.

473 939 593 1003 crimen
614 936 786 1000 invitasse?
814 933 972 1016 Praecepit
995 932 1071 996 item
1096 945 1133 994 ut
1155 954 1214 1017 pro
1236 930 1440 1016 beneplacito

473 1039 698 1104 monachorum
714 1034 755 1097 ad
780 1032 919 1097 tribunal
937 1032 1117 1095 londonias
1140 1032 1327 1115 litigaturus
1345 1055 1437 1095 acce·

475 1141 594 1205 derem.
632 1136 718 1216 Quid
735 1134 858 1199 multa?
885 1158 946 1218 ego
965 1135 1077 1197 necin
1101 1134 1244 1209 minimo,
1259 1135 1315 1218 qui
1339 1148 1388 1197 tot
1403 1148 1436 1196 et

473 1256 579 1308 tantos
604 1241 721 1302 amicos
748 1241 779 1299 in
806 1236 937 1300 ecclesia
961 1238 1108 1298 Romana
1134 1236 1257 1298 babeo:
1289 1236 1435 1298 monacbi

473 1344 519 1408 illi
535 1356 609 1406 sunt
625 1341 658 1404 in
674 1338 823 1401 omnibus
837 1337 993 1401 exauditi.
1027 1340 1109 1400 Haee
1122 1336 1153 1399 in
1170 1336 1304 1399 auribus
1319 1341 1436 1400 vestris

471 1444 566 1509 eorde
587 1454 619 1506 et
640 1464 694 1504 ore
716 1453 830 1502 moesto
849 1438 985 1521 depono,
1003 1453 1038 1501 ut
1057 1436 1254 1523 quandoque
1276 1438 1434 1501 similibus

472 1547 603 1610 obviare
615 1541 780 1606 studeatis.
809 1540 859 1602 De
868 1553 985 1604 caetero
996 1539 1208 1603 creditoribus
1220 1540 1331 1602 restris
1341 1540 1434 1602 satis·

472 1648 618 1727 lecimus,
632 1643 713 1707 nihil
728 1642 918 1727 accipientes
932 1640 973 1703 de
988 1641 1122 1726 pecunia
1138 1644 1237 1705 sancti
1256 1641 1389 1704 Bertiui.

545 1955 768 2019 EPlSTOLl
790 1955 969 2017 CVL-ao
983 1972 1217 2016 sermonen
1233 1972 1354 2017 mesu.

716 2106 857 2167 Domino
871 2106 973 2187 Papa
988 2104 1184 2168 Alerandro.

516 2254 695 2332 Nosrltutt,
710 2266 742 2315 et
764 2252 915 2329 ecclesiae,
933 2277 1006 2339 quae
1026 2253 1113 2339 apud
1135 2277 1193 2317 nos
1214 2266 1274 2325 est,
1298 2266 1432 2331 statum,

471 2354 562 2419 vobis
580 2376 639 2439 per
656 2354 871 2416 Herebertum
889 2369 1027 2418 vestrum
1051 2355 1154 2419 missis
1172 2354 1284 2419 litteris
1305 2355 1430 2437 signifi·

470 2455 623 2531 cavimus,
634 2467 666 2517 at
682 2453 735 2517 ille
747 2467 803 2517 aut
818 2478 877 2541 per
889 2455 1042 2518 malitiam
1054 2454 1207 2541 prodidit,
1218 2468 1274 2519 aut
1284 2454 1429 2541 perdidit

469 2579 528 2644 per
550 2556 787 2641 negligentiam,
809 2570 867 2621 aut
890 2580 943 2621 eas
965 2543 1094 2621 amissas
1116 2581 1183 2621 esse
1204 2556 1429 2621 fraudulenter

470 2659 642 2723 simulavit.
678 2661 784 2737 Quum
801 2659 883 2721 enim
899 2659 1049 2723 dimissus
1063 2683 1083 2722 a
1099 2660 1189 2723 vobis
1202 2658 1290 2745 apud
1307 2656 1428 2721 caucel-

468 2760 581 2826 larium
599 2761 682 2842 regis
695 2759 878 2844 Anglorum
894 2783 952 2845 per
964 2782 1101 2824 mensem
1117 2776 1149 2825 et
1165 2761 1305 2845 amplius
1319 2772 1428 2823 contra
1464 2839 1472 2864 ι

467 2860 711 2948 prohibitionem
724 2873 860 2924 vestram
871 2874 1082 2944 expectasset,
1092 2861 1221 2924 remisso
1230 2862 1264 2923 in
1277 2859 1425 2946 Angliam

468 2963 581 3026 nuntio
594 2985 650 3026 nos
661 2985 718 3048 per
730 2962 852 3026 litteras
865 2961 1028 3024 memorati
1041 2962 1219 3025 cancellarii
1233 2961 1426 3036 sollicitavit,

469 3078 504 3129 ut
535 3064 563 3127 ei
593 3064 714 3127 litteras
739 3063 899 3147 prioribus
929 3062 1057 3142 similes,
1083 3086 1163 3148 quas
1193 3063 1255 3126 sibi
1285 3062 1427 3126 sublatas

466 3165 671 3251 querebatur,
688 3162 921 3227 remitteremus
941 3164 982 3227 ad
1005 3187 1063 3229 vos
1082 3165 1209 3228 fidelius
1228 3162 1425 3228 deferendas.

468 3266 552 3340 Quia
567 3263 666 3348 igitur
688 3286 800 3349 parum
823 3263 927 3327 fidelis
947 3265 1107 3351 inprimis
1129 3265 1248 3338 extitit,
1267 3263 1425 3327 malumus

466 3368 629 3451 proprium
643 3368 791 3428 nuntium
804 3364 974 3442 destinare,
988 3389 1084 3450 quam
1098 3366 1237 3429 secundo
1253 3366 1354 3449 decipi
1367 3387 1426 3450 per

466 3466 614 3528 alienum.
642 3468 707 3529 Vos
719 3465 867 3528 nuntium
881 3481 1016 3529 vestrum
1030 3487 1089 3551 pro
1106 3465 1303 3551 beneplacito
1320 3478 1424 3528 vestro

463 3566 667 3642 convenietis,
686 3579 729 3644 et,
751 3567 776 3629 si
799 3569 914 3652 placet,
935 3590 1020 3645 eum,
1042 3585 1078 3631 ut
1101 3567 1228 3630 cautius
1243 3579 1275 3629 et
1291 3565 1422 3628 fidelius

465 3668 592 3753 negotia
607 3682 711 3733 vestra
726 3683 917 3754 exequatur,
933 3669 1091 3733 instruite.

508 3776 558 3838 De
581 3786 695 3837 caetero
723 3772 867 3834 monachi
896 3771 997 3835 sancti
1023 3771 1198 3855 Augustini
1222 3768 1367 3834 ecclesias
1389 3769 1421 3832 in

464 3874 571 3938 fundis
591 3895 701 3936 eorum
726 3873 802 3936 sitas
825 3873 916 3935 nobis
933 3872 1120 3936 subtrahere
1143 3872 1375 3948 machinantur,
1390 3882 1421 3932 et

464 3974 540 4057 quia
554 3973 586 4033 in
608 3973 709 4035 oculis
731 3972 870 4035 ecclesiae
887 3975 1041 4036 Romanae
1065 3971 1199 4057 gratiam
1220 3973 1421 4040 invenerunt,

463 4077 489 4138 si
513 4071 592 4156 quid
617 4071 728 4134 salutis
751 4072 853 4147 nobis,
874 4088 930 4137 aut
954 4076 1093 4138 ecclesiae
1116 4089 1233 4138 nostrae
1254 4072 1422 4136 decernitis

463 4169 719 4255 relinquendum,
748 4194 856 4253 preces
885 4198 995 4238 eorum
1028 4177 1160 4240 ulterius
1190 4179 1222 4240 in
1254 4174 1421 4261 dispendia

463 4288 569 4340 nostra
595 4293 657 4333 non
687 4270 871 4338 admittatis.
920 4278 1078 4342 Praeterea
1106 4279 1257 4342 noveritis
1283 4278 1419 4340 liberum

462 4399 528 4444 esse
545 4370 694 4438 omnibus
716 4369 886 4456 appellare.
933 4376 1025 4451 Quod
1049 4403 1088 4442 ex
1112 4404 1148 4443 eo
1165 4378 1256 4444 vobis
1277 4393 1421 4440 constare
