3667 5475
438 746 549 826 lton]
823 766 1002 812 nrrsroun.
1067 733 1070 738 ⁵
1328 752 1387 811 att

437 928 471 981 et
493 940 533 982 ne
556 917 634 1003 quid
658 918 697 980 de
720 928 835 980 caetero
859 918 983 980 veritati
1010 920 1206 981 subtractum
1230 920 1281 996 sit,
1304 919 1391 1003 quod

436 1021 596 1085 Ecclesiae
612 1020 835 1102 periculosius,
850 1028 882 1082 et
897 1020 958 1082 sibi
979 1020 1191 1101 perniciosius
1214 1030 1273 1097 est,
1289 1022 1391 1098 illum,

436 1122 529 1207 cujus
544 1124 650 1185 inesse
665 1121 814 1204 gerimus,
825 1122 976 1205 conspuit
988 1122 1162 1185 Christum.
1202 1122 1393 1187 Habeantur

437 1223 507 1287 baec
524 1245 615 1300 vana,
631 1232 664 1287 et
679 1233 863 1285 contemnat
878 1234 913 1284 ut
931 1224 1023 1298 solet,
1038 1223 1064 1285 si
1088 1223 1174 1286 filins
1191 1225 1253 1287 Dei
1276 1226 1391 1287 Eccle-

436 1325 492 1389 siae
507 1347 572 1389 nou
589 1325 668 1387 dicit
690 1322 881 1406 pastoribus,
899 1323 966 1390 Qui
980 1343 1034 1384 nos
1048 1328 1172 1404 spernit
1190 1347 1238 1388 me
1258 1329 1392 1407 spernit,

435 1434 467 1489 et
480 1429 538 1509 qui
549 1430 658 1509 tangit
667 1446 718 1488 nos
728 1427 836 1507 tangit
847 1426 1010 1507 pupillum
1024 1429 1109 1487 oculi
1123 1430 1193 1490 mei.
1234 1430 1393 1492 Processit

437 1531 569 1593 ulterius
597 1527 781 1592 sollicitudo
810 1540 929 1606 nostra,
959 1539 994 1590 nt
1031 1549 1089 1609 pro
1122 1552 1202 1611 pace
1233 1531 1391 1593 Ecclesiae

436 1651 581 1694 summus
602 1630 752 1713 pontifex
766 1628 896 1693 devotas
921 1651 1033 1713 preces
1055 1632 1239 1712 porrigeret,
1255 1632 1310 1694 sed
1326 1653 1391 1695 non

438 1741 488 1796 est
517 1732 704 1796 exauditus:
743 1732 983 1795 exhortationes
1013 1730 1170 1807 adhibuit,
1201 1745 1233 1795 et
1261 1734 1390 1797 surdum

436 1834 577 1917 repperit
592 1834 788 1897 auditorem:
812 1834 1048 1917 increpationes
1059 1834 1187 1917 adjecit,
1200 1847 1392 1918 contemptae

437 1947 530 2000 sunt:
561 1936 689 1999 tandem
712 1936 898 2018 Apostoliea
922 1936 1000 1999 tuba
1023 1933 1288 2001 comminationes
1310 1940 1392 2001 into-

438 2039 519 2109 nuit,
535 2037 591 2100 sed
614 2058 673 2099 nec
698 2038 744 2097 sie
766 2047 940 2118 potuerunt
962 2036 1044 2099 fides
1066 2049 1099 2100 et
1120 2039 1231 2121 religio
1247 2041 1391 2103 excitari.

438 2138 489 2202 Ne
513 2138 592 2223 quid
612 2151 715 2203 autem
741 2140 959 2203 omitteremus
982 2161 1024 2201 ex
1048 2142 1319 2223 contingentibus,
1334 2164 1391 2205 rex

439 2239 647 2315 Francorum,
671 2242 726 2325 qui
745 2242 777 2303 ei
805 2253 853 2304 est
878 2242 1000 2304 amicus
1026 2252 1058 2304 et
1083 2243 1241 2321 domiuus,
1264 2266 1390 2308 omnem

438 2344 585 2407 adhibuit
600 2366 729 2425 operam
752 2358 784 2407 et
804 2343 1018 2426 diligentiam
1039 2345 1096 2408 sed
1111 2368 1172 2410 nee
1188 2348 1241 2409 ille
1258 2369 1315 2429 pro
1335 2370 1392 2411 sua
1474 2426 1485 2435 ἢ

438 2446 614 2509 reverentia
628 2448 743 2510 meruit
758 2446 910 2510 exaudiri.
956 2445 1007 2509 Ad
1029 2449 1223 2531 colloquium
1246 2450 1316 2533 ejus
1338 2472 1392 2513 ac-

441 2547 617 2621 cessimus;
641 2546 696 2610 sed
707 2568 766 2611 nee
778 2548 819 2610 ad
831 2561 1039 2630 conspectum
1049 2547 1119 2631 ejus
1131 2570 1238 2611 sumus
1251 2550 1393 2627 admissi,

439 2670 500 2711 uec
517 2649 614 2711 vestri
629 2650 768 2712 nominis
783 2661 838 2713 aut
852 2671 958 2713 causae
977 2651 1039 2713 Dei
1062 2650 1206 2733 permisit
1222 2650 1289 2712 fieri
1305 2673 1392 2713 men-

439 2753 570 2815 tionem.
607 2753 759 2816 Misimus
774 2754 804 2816 ei
819 2765 931 2837 postea
946 2755 1078 2817 nuntios
1090 2754 1286 2817 venerabiles
1299 2755 1393 2831 viros,

440 2860 472 2914 et
491 2852 616 2916 litteras
640 2863 796 2935 patentes,
812 2863 847 2915 ut
872 2874 930 2936 par
954 2864 1033 2929 erat,
1047 2854 1079 2915 in
1105 2853 1221 2937 quibus
1243 2875 1395 2937 expressa

439 2963 505 3016 erat
516 2963 549 3016 et
556 2953 681 3038 justitia
693 2956 850 3031 ecclesiae,
863 2967 895 3018 et
909 2968 1024 3019 nostrae
1040 2956 1203 3038 petitionis
1215 2957 1390 3020 sententia:

439 3056 497 3119 sed
512 3067 621 3120 noster
642 3068 674 3119 et
698 3077 806 3120 eorum
823 3058 924 3135 labor,
940 3057 1143 3140 quantumin
1159 3079 1198 3120 eo
1221 3067 1280 3134 est,
1296 3058 1395 3120 cessit

436 3161 607 3220 ineassum.
653 3159 788 3242 Sequuti
814 3180 939 3222 eramus
964 3161 1061 3222 fidem
1091 3160 1229 3224 dominae
1256 3160 1392 3244 impera·

439 3260 537 3336 tricis,
554 3259 636 3323 sieut
650 3271 684 3322 tu
700 3260 795 3335 nosti,
810 3269 843 3322 et
858 3261 928 3342 ipse
944 3263 1089 3343 ignorare
1105 3284 1168 3325 non
1192 3262 1303 3327 debet:
1336 3262 1393 3326 sed

438 3380 499 3422 nos
524 3381 756 3445 usquequaque
777 3357 903 3426 delusit.
949 3364 1033 3435 Quia
1056 3385 1131 3444 ergo
1146 3364 1216 3428 haec
1241 3365 1395 3448 patientia

438 3473 546 3524 nostra
560 3463 720 3526 Ecclesiae
745 3462 808 3524 Dei
823 3464 1006 3545 peruiciosa
1030 3474 1088 3541 est,
1104 3464 1161 3526 sed
1186 3467 1395 3546 perniciosior

437 3562 485 3625 illi
500 3563 594 3646 eujus
613 3565 787 3628 novissima
810 3565 891 3629 finnt
915 3567 1021 3629 indies
1045 3567 1201 3629 deteriora
1224 3567 1394 3649 prioribus,

438 3664 536 3727 nobis
569 3677 672 3728 autem
713 3668 991 3750 perniciosissima,
1022 3689 1102 3752 quos
1132 3668 1291 3750 oportebit
1321 3679 1394 3729 ante

438 3767 579 3829 tribunal
598 3767 713 3849 Sponsi
731 3791 796 3832 non
818 3771 915 3832 modo
939 3770 980 3832 de
1002 3771 1153 3853 operibus
1175 3767 1322 3850 propriis,
1337 3765 1395 3829 sed

439 3879 469 3930 et
482 3868 522 3930 de
535 3869 688 3949 sanguine
700 3870 779 3954 ejus,
790 3880 822 3933 et
833 3871 1006 3934 afflictione
1018 3891 1144 3951 sponsae
1155 3868 1288 3932 reddere
1300 3869 1394 3931 ratio-

440 3991 532 4032 nem:
564 3980 733 4053 procerte
755 3973 892 4048 noveris,
915 3983 948 4034 et
970 3971 1108 4034 dominae
1131 3970 1323 4052 imperatrici
1347 3970 1393 4032 in-

441 4074 543 4150 times,
558 4073 646 4157 quod
660 4074 695 4136 in
709 4096 877 4157 personam
894 4074 962 4158 ejus
977 4085 1010 4137 et
1032 4086 1145 4137 terram
1161 4075 1194 4136 in
1217 4075 1316 4154 brevi,
1331 4075 1395 4138 imo

440 4175 474 4235 irr
497 4175 694 4252 brevissimo,
718 4176 781 4240 vita
803 4177 932 4254 comite,
954 4188 985 4241 et
1008 4177 1150 4240 Domino
1177 4189 1316 4257 auctore,
1340 4201 1397 4242 ex-

440 4296 564 4338 eremus
595 4277 735 4359 gladium
766 4278 903 4361 Spiritus
935 4278 1058 4356 Sancti,
1087 4281 1140 4362 qui
1171 4281 1259 4343 omni
1289 4281 1397 4361 gladio

440 4377 575 4458 ancipiti
597 4380 823 4459 penetrabilior
846 4392 907 4454 est,
924 4393 957 4443 ut
980 4382 1020 4444 sit
1042 4384 1074 4444 in
1098 4383 1220 4444 ruinam
1239 4381 1396 4444 induratae

484 4495 556 4540 von.
574 4497 596 4540 1.
912 4499 935 4542 a
