3667 5475
488 775 552 836 su
746 788 883 833 rossum
899 779 1178 834 sarracenerum
1353 771 1398 851 [s.
1412 791 1443 838 n.

488 941 620 1026 spiritus
644 940 809 1023 sapientie
832 950 891 1017 est,
915 940 972 1025 qui
995 942 1146 1026 loquitur,
1175 941 1263 1009 Quia
1285 962 1347 1023 per
1373 964 1443 1027 qun

485 1044 633 1126 peccand
654 1044 737 1126 quir,
756 1062 816 1123 per
831 1045 899 1105 dec
913 1051 944 1106 et
964 1045 1135 1123 pausetur.
1182 1043 1360 1109 Homicida
1379 1046 1444 1127 pri·

489 1165 561 1209 mus
585 1143 667 1207 Cain
687 1141 815 1206 occisus
837 1152 898 1205 est.
941 1142 1067 1206 Pharao
1089 1142 1166 1206 dum
1190 1145 1444 1208 submersionem

487 1244 689 1319 moliebatur,
717 1245 902 1308 submersus
930 1256 986 1308 est
1047 1244 1277 1309 adonibesech
1308 1267 1443 1331 quoque

426 1386 429 1390 >
487 1343 718 1410 vicissitudinis
731 1344 829 1429 hujus
852 1355 1005 1429 expertus
1020 1355 1068 1409 est
1082 1346 1198 1428 legem.
1244 1345 1348 1410 Cham
1364 1347 1443 1410 dum

487 1448 668 1511 serriurtern
683 1447 755 1510 aliis
769 1448 942 1511 affectabat
955 1446 1110 1522 indicere,
1121 1459 1278 1531 perpetua
1290 1446 1442 1511 servitute

488 1547 665 1612 damnatur.
725 1547 779 1610 Sic
809 1558 842 1611 et
869 1547 974 1612 Judas
1007 1546 1148 1626 traditor,
1177 1548 1234 1632 qui
1263 1548 1443 1611 Dominum

487 1646 670 1730 procuravit
697 1644 971 1729 suspendendum,
997 1646 1115 1729 laqueo
1148 1645 1315 1729 suspendii
1345 1646 1443 1710 vitam

488 1748 599 1811 finisse
623 1747 829 1827 dignoscitur.
872 1747 919 1811 Et
941 1748 974 1810 in
997 1747 1087 1810 omni
1109 1757 1205 1829 gente
1230 1758 1263 1811 et
1286 1758 1393 1823 aetate,
1416 1747 1444 1811 si

488 1851 559 1935 quis
583 1848 701 1912 divina
725 1848 975 1931 dispensationis
1005 1848 1236 1913 animadvertat
1264 1849 1443 1923 historiam,

487 1952 585 2035 plane
599 1959 774 2032 cognoscet
785 1969 911 2033 semper
926 1970 996 2014 esse
1011 1950 1265 2014 conformitatem
1276 1948 1443 2033 quandam

487 2053 593 2136 culpoe
618 2061 651 2116 et
673 2073 791 2134 poenae.
841 2051 939 2124 Quod
964 2052 1082 2135 loquor
1106 2051 1289 2135 experimur
1314 2061 1349 2114 et
1371 2072 1442 2129 nos,

487 2155 692 2237 agnoscimus
707 2154 832 2236 justum
853 2156 1017 2235 flagellum
1039 2156 1207 2238 culparum
1228 2155 1362 2233 conscii,
1384 2176 1441 2217 ex·

487 2265 664 2338 pectantes,
679 2254 737 2317 sod
755 2275 822 2317 non
841 2254 1073 2335 desiderantes,
1087 2268 1123 2320 ut
1137 2257 1172 2319 in
1189 2255 1335 2340 proximo
1352 2257 1443 2339 virga

487 2355 687 2438 corripientis
715 2364 935 2439 retorqueatur
957 2359 989 2421 in
1019 2370 1152 2422 tortores
1181 2369 1214 2422 et
1242 2358 1442 2422 adversarios

485 2465 622 2520 nostros.
677 2456 853 2520 Mallemus
882 2458 969 2521 enim
1004 2459 1094 2542 quod
1128 2459 1302 2524 adversarii
1337 2460 1440 2523 nostri

485 2558 710 2641 resipiscerent
733 2567 766 2621 et
785 2556 924 2623 redirent
944 2572 980 2623 ut
1002 2560 1071 2637 filii,
1095 2582 1190 2645 quam
1211 2572 1258 2638 ut,
1280 2562 1369 2645 quod
1393 2563 1441 2625 eia

485 2660 641 2739 imminet,
662 2670 870 2744 torqueantur
890 2671 926 2724 ut
952 2661 1042 2724 servi.
1088 2662 1175 2724 Nam
1195 2662 1307 2725 talium
1336 2684 1441 2745 genus

485 2763 615 2826 nonnisi
637 2761 804 2846 suppliciis
829 2762 1026 2826 emendatur.
1071 2764 1190 2828 Scribit
1213 2765 1383 2844 Ezechiel,
1407 2777 1458 2831 et-

486 2887 593 2929 verum
619 2877 678 2942 est,
702 2865 778 2947 quia
803 2866 906 2948 qualis
929 2868 1101 2940 consultor,
1127 2868 1199 2930 talis
1225 2877 1257 2931 et
1282 2869 1438 2951 propheta

485 2967 555 3050 ejus
570 2976 629 3043 est,
644 2972 677 3028 et
691 2987 710 3028 a
724 2965 805 3028 facie
826 2965 962 3028 Domini
975 2966 1105 3048 spiritus
1120 2967 1261 3029 mendax
1276 2968 1439 3049 egreditur

485 3069 603 3145 adhuc,
618 3084 655 3130 ut
675 3067 763 3130 sitin
779 3089 833 3130 ore
849 3068 994 3130 omnium
1008 3069 1250 3151 prophetarum,
1264 3070 1394 3146 Achab,
1407 3081 1439 3134 et

484 3172 634 3235 similium
650 3191 772 3252 regum.
817 3170 872 3232 Sic
888 3179 921 3232 et
941 3190 1000 3231 rex
1013 3170 1188 3250 Anglorum
1202 3180 1238 3232 ut
1253 3169 1368 3233 dicunt
1383 3172 1437 3255 qui

480 3271 706 3354 appellatorias
726 3269 974 3350 archisynagogi
989 3268 1166 3347 audierant,
1181 3272 1352 3353 episcopos
1373 3272 1436 3334 sibi

481 3372 661 3462 conformes
676 3369 784 3443 habet,
799 3369 865 3451 qui,
880 3380 916 3430 ut
938 3369 979 3432 de
999 3370 1070 3433 aliis
1091 3372 1317 3454 scriptumest,
1333 3370 1436 3434 docu-

480 3481 573 3535 erunt
592 3471 734 3551 linguam
758 3490 847 3531 suam
867 3470 957 3554 loqui
978 3471 1192 3546 mendacium,
1214 3483 1245 3535 et
1267 3481 1303 3534 ut
1321 3471 1435 3556 inique

480 3582 620 3655 agerent,
634 3573 867 3649 laboraverunt,
889 3573 1042 3636 sollicitat
1061 3575 1142 3636 alios
1163 3585 1198 3638 ut
1217 3577 1436 3654 subverteret

479 3698 552 3740 eum
576 3676 630 3739 alii
655 3673 860 3737 sollicitando
884 3676 1079 3738 subvertunt.
1125 3677 1229 3748 Quam
1253 3678 1435 3758 gloriosam,

479 3799 578 3861 qnam
599 3777 798 3854 catholicam,
821 3797 916 3859 quam
942 3775 1029 3858 piam
1053 3778 1223 3860 epistolam
1246 3779 1434 3842 Coloniensi

479 3879 684 3942 schismatico
710 3899 813 3960 nuper
838 3878 970 3952 miserit,
993 3899 1036 3941 ex
1060 3881 1217 3963 rescripto
1241 3880 1322 3964 ejus,
1346 3881 1433 3965 quod

480 3981 570 4043 vobis
587 3980 733 4058 mittitur,
748 3980 884 4062 potestis
906 3979 1079 4062 conjicere,
1092 3991 1128 4043 ut
1148 3990 1263 4064 pateat
1282 3983 1432 4045 omnibus

476 4100 573 4161 quam
599 4099 706 4141 verum
736 4081 788 4158 sit,
811 4080 897 4163 quod
920 4080 961 4143 de
988 4083 1107 4164 pietate
1134 4093 1169 4145 ct
1190 4082 1320 4166 justitia
1349 4084 1433 4164 regis

476 4180 571 4240 vestri
586 4189 676 4241 tanta
691 4180 889 4244 confidentia
902 4183 1105 4264 predicatur.

519 4279 571 4342 Ad
586 4279 692 4362 ipsum
715 4302 844 4364 quoque
867 4305 970 4366 nuper
985 4297 1143 4349 venerunt
1161 4298 1294 4370 exparte
1309 4288 1431 4352 domini

475 4383 516 4447 dc
538 4379 790 4445 Monretenandi
809 4385 882 4446 vani
905 4386 1062 4464 illusores,
1084 4389 1185 4453 abbas
1209 4389 1335 4454 scilicet
1357 4390 1434 4454 clu-
