3667 5475
405 739 580 819 Uno—8]
789 759 968 805 nrrsronn.
1319 754 1357 811 13

402 930 473 971 rens
489 906 650 970 ecclesiam
668 929 755 969 suam
781 930 858 987 esse,
874 926 904 974 et
928 934 960 974 se
979 934 1143 996 personam
1159 914 1229 999 ejus
1244 939 1262 979 a
1277 926 1355 980 tem-

401 1032 478 1094 pore
499 1007 648 1073 Mauricii
670 1008 760 1071 bonae
784 1010 944 1075 memoriae
963 1013 1195 1079 Londoniensis
1216 1016 1356 1103 episcopi

401 1112 556 1187 extitisse,
569 1124 601 1174 et
617 1134 649 1172 se
665 1110 724 1173 boo
740 1126 883 1197 tempore
901 1113 1040 1179 Gilberti
1057 1115 1119 1201 piae
1131 1118 1358 1183 recordationis

402 1213 542 1300 episcopi
559 1210 665 1276 Lond.
686 1211 902 1296 legitimorum
925 1216 1097 1280 assertione
1120 1217 1251 1283 testium
1266 1242 1360 1283 canoa

402 1317 471 1380 nice
505 1315 740 1400 comprobasse,
769 1314 877 1400 plures
915 1316 1094 1400 producens
1133 1333 1240 1396 testes,
1275 1343 1358 1406 quos

403 1418 505 1480 eidem
528 1416 654 1503 judicio
684 1414 865 1479 interfuisse
894 1417 1031 1483 dicebat.
1076 1421 1184 1497 Quum
1214 1446 1291 1507 ergo
1316 1425 1359 1486 ex'

403 1519 554 1582 mandato
577 1531 686 1581 nostro
710 1529 806 1581 testes
826 1522 1060 1584 examinassent
1083 1523 1277 1586 venerabiles
1296 1523 1360 1587 fra-

379 1623 380 1627 ’
404 1634 469 1683 tres
478 1617 589 1694 nostri,
601 1615 759 1702 Rogerius
773 1616 980 1682 Eboraoensis
991 1619 1257 1706 archiepiscopus,
1270 1621 1360 1686 Hila-

404 1721 473 1784 rius
497 1718 700 1783 Cicestrensia
726 1718 888 1783 Robertus
910 1719 1139 1784 Lincolniensis
1159 1721 1311 1808 episcopi,
1326 1736 1359 1787 et

406 1822 460 1885 aiii
486 1820 660 1906 prudentes
687 1820 758 1895 viri,
786 1819 904 1906 quibus
930 1820 1181 1906 injunxeramus,
1207 1846 1262 1886 eos
1286 1845 1360 1887 con·

406 1924 519 1987 cordes
544 1922 576 1984 in
602 1921 750 1986 omnibus
773 1921 978 2003 invenissent,
1000 1937 1032 1987 et
1055 1946 1112 1987 nos
1134 1924 1246 1988 audito
1272 1926 1361 1989 testi·
1409 1933 1435 1958 ·’

408 2026 513 2089 monio
538 2046 667 2088 causam
693 2024 756 2087 fine
783 2023 892 2088 debito
913 2024 1082 2088 terminare
1107 2025 1360 2112 disponeremus,

408 2126 571 2191 Erualdus
586 2125 773 2189 sententiam
791 2139 931 2189 nostram
946 2126 1133 2211 interposita
1148 2128 1362 2213 appellatione

408 2228 575 2313 praevenit,
603 2226 686 2289 diem
714 2227 883 2311 praefigens
914 2228 1128 2304 Dominicam,
1160 2251 1226 2313 qua
1255 2241 1361 2292 canta-

409 2331 509 2404 bitur,
535 2330 639 2396 Quasi
665 2331 757 2392 modo
781 2332 898 2411 penita.
945 2333 1013 2392 Nos
1042 2351 1120 2413 ergo
1151 2342 1186 2393 ut
1216 2328 1360 2413 oportuit

410 2429 566 2516 majestati
583 2427 764 2514 apostolicae
781 2429 970 2506 deferentes,
986 2451 1113 2493 causam
1131 2427 1361 2495 terminandam

412 2531 571 2595 sanctitati
589 2543 703 2593 vestrae
719 2530 875 2615 integram
894 2531 1131 2593 reservavimus.

594 2880 817 2944 EPISTOLA
840 2876 1012 2940 XIL-an
1027 2893 1180 2939 neuneu.

762 3011 909 3074 Adriano
922 3031 1029 3090 popa.

448 3156 568 3216 durna
602 3147 775 3211 Ricardum
806 3143 955 3207 clericum
987 3157 1019 3208 et
1049 3143 1132 3208 Rad.
1161 3145 1366 3224 Mansellum,

414 3276 511 3338 super
541 3251 670 3315 ecclesia
701 3248 741 3312 de
771 3245 973 3310 Presteberia
1001 3246 1215 3310 controversia
1243 3247 1367 3312 diutius

413 3357 535 3440 agitata
564 3365 621 3417 est.
668 3351 776 3427 Quum
807 3369 882 3410 vero
914 3347 1103 3411 venerabilis
1132 3347 1233 3411 frater
1261 3360 1368 3412 noster

416 3457 582 3520 Walterus
602 3449 848 3518 Conveutrensis
870 3447 1036 3535 episcopus
1057 3461 1130 3533 post
1153 3449 1271 3512 multas
1291 3452 1368 3512 cita-

414 3560 516 3623 tiones
531 3579 599 3620 eam
624 3553 751 3619 tandem
776 3550 884 3614 debito
904 3549 966 3612 fine
986 3549 1154 3612 terminare
1169 3549 1365 3635 disponeret:

417 3658 588 3732 Ricardus,
614 3667 727 3740 utpote
757 3652 814 3738 qui
845 3649 1012 3734 praefatam
1038 3650 1200 3714 eeclesiam
1223 3650 1294 3725 sibi,
1318 3662 1369 3714 ut·

414 3775 490 3847 pote
507 3758 661 3822 violenter
676 3768 708 3818 et
725 3755 791 3817 sine
802 3751 928 3838 judicio
948 3750 1136 3822 destitutus,
1152 3751 1279 3815 restitui
1295 3773 1368 3834 pos·

415 3862 552 3936 tuiabat,
570 3859 774 3945 probationes
789 3855 910 3940 quibus
926 3876 958 3916 se
974 3865 1085 3916 contra
1103 3849 1187 3912 Rad.
1203 3850 1368 3914 abundare

415 3964 552 4041 dicebat,
567 3963 599 4024 in
617 3958 739 4046 synodo
756 3954 915 4020 Cestrensi
931 3955 972 4016 ab
987 3951 1135 4039 episcopo
1150 3964 1271 4016 exactae
1283 3965 1368 4018 sunt.

420 4063 573 4130 Producti
600 4075 674 4125 sunt
701 4061 812 4144 itaque
845 4070 964 4140 septem
992 4067 1099 4131 testes,
1126 4053 1193 4140 qui,
1219 4055 1302 4119 sicut
1329 4079 1369 4119 ex

416 4166 598 4232 testimonio
618 4161 757 4250 episcopi
781 4159 906 4244 praefati
929 4156 1120 4241 accepimus,
1146 4153 1318 4219 Ricardum
1336 4157 1368 4220 in

417 4269 554 4353 praefata
574 4264 703 4329 ecclesia
724 4261 872 4325 canonice
894 4257 1091 4334 institutum,
1107 4268 1139 4320 et
1162 4256 1227 4320 sine
1245 4257 1369 4342 judicio

417 4373 554 4456 ejectum
576 4362 789 4453 jurejurando
816 4361 1034 4423 firmaverunt.
1080 4358 1370 4424 Intervenientibus
