3667 5475
505 764 547 823 28
763 774 899 819 sosnnrs
915 771 1193 819 ssnesusmunsrs
1363 753 1411 833 [s.
1430 773 1463 829 u.

497 929 627 1005 beuter,
642 925 729 1010 quod
753 928 855 988 zelum
876 923 1014 1009 justitia
1035 922 1119 987 inter
1140 922 1291 986 barbaros
1306 923 1466 1004 retinetis,

505 1042 609 1093 ratum
637 1028 778 1092 habituri
806 1025 959 1112 quicquid
987 1024 1160 1090 secundum
1192 1024 1369 1089 Dominum
1398 1037 1465 1089 sta·

505 1131 604 1196 tuetis
619 1130 650 1194 in
674 1129 756 1210 illos,
772 1129 828 1214 qui
851 1128 1039 1191 crucifixum
1063 1128 1179 1206 adhuc,
1195 1128 1252 1212 qui
1276 1126 1307 1190 in
1331 1125 1467 1191 ecclesia

506 1231 688 1296 adorandus
703 1245 763 1311 est,
777 1243 1026 1315 persequuntur.

798 1483 1017 1547 EPISTOLA
1041 1484 1164 1546 XXVI.

501 1703 504 1712 ,
549 1643 760 1704 Anouunuus
775 1655 873 1707 eram,
889 1645 991 1716 pater,
1006 1630 1030 1694 si
1054 1654 1116 1699 uon
1140 1634 1305 1698 conatibus
1327 1635 1408 1699 meis
1430 1637 1464 1700 in

505 1740 692 1805 executione
725 1735 865 1800 mandati
896 1733 991 1797 vestri
1025 1734 1191 1798 necessitas
1220 1735 1329 1821 potius
1361 1759 1465 1821 quam

504 1841 699 1929 negligentia
715 1838 907 1910 obstetisset.
952 1838 1043 1919 Ergo
1063 1835 1141 1919 quia
1165 1836 1359 1921 Magistrum
1379 1838 1466 1902 Wil-

505 1943 647 2016 lelmum,
657 1964 696 2004 ex
708 1962 775 2025 qno
787 1961 805 2001 a
816 1937 905 2001 vobis
915 1937 1057 2015 discessi,
1067 1936 1174 1999 videre
1186 1960 1248 2001 non
1257 1939 1362 2024 potui,
1373 1951 1468 2004 ante·

506 2066 601 2130 quam
619 2041 693 2104 visis
708 2040 823 2104 litteris
837 2038 950 2103 vestris
966 2042 1072 2123 ipsum
1088 2038 1128 2101 ad
1144 2038 1228 2104 dom.
1248 2046 1285 2105 A.
1301 2062 1360 2125 per
1373 2039 1463 2106 dom.

505 2142 775 2228 archiepiscopum
792 2140 832 2203 ad
847 2140 1063 2225 impetrandas
1081 2140 1225 2204 inducias
1240 2141 1368 2204 fecerim
1387 2164 1464 2206 evo·

506 2244 581 2309 cari.
625 2242 798 2308 Laboravit
820 2242 861 2305 ad
884 2242 953 2304 hoec
975 2241 1242 2328 archiepiscopus,
1263 2257 1294 2306 et
1320 2266 1381 2328 ego
1403 2244 1465 2306 ad·

504 2346 615 2411 bibitis
626 2346 717 2409 sociis
728 2344 879 2419 laboravi,
892 2344 946 2408 sed
960 2366 1021 2407 non
1038 2343 1133 2428 periit
1145 2344 1178 2407 in
1190 2368 1228 2407 eo
1239 2344 1329 2407 labor
1344 2358 1464 2411 noster.

507 2448 620 2514 Veniet
643 2448 751 2533 itaque
773 2446 814 2509 ad
841 2446 925 2510 diem
949 2445 1010 2510 sibi
1036 2446 1218 2530 praefixum,
1241 2459 1272 2510 et
1295 2446 1378 2510 forte
1405 2447 1465 2533 qui

505 2549 858 2635 nostras-contempsit,
882 2548 907 2611 si
934 2564 1038 2612 tamen
1065 2569 1191 2611 necesse
1215 2547 1324 2623 fuerit,
1350 2570 1464 2633 preces

506 2665 630 2717 nostras
641 2650 800 2716 admittet.
824 2653 1039 2716 Convenimus
1050 2671 1145 2734 super
1156 2653 1283 2734 negotio
1295 2650 1465 2715 dominum

508 2757 749 2834 Cicestrensem‚
772 2753 974 2839 explorantes
1000 2752 1139 2815 animum
1167 2755 1237 2839 ejus
1263 2775 1360 2839 quem
1386 2775 1465 2839 pro·

506 2857 658 2922 culdubio
679 2858 712 2920 in
736 2857 795 2920 hac
822 2878 855 2919 re
882 2857 993 2920 timere
1015 2876 1079 2917 non
1107 2868 1246 2940 oportet,
1267 2855 1344 2940 quis
1369 2855 1464 2920 nobis

502 2958 713 3046 jurejurando
741 2959 892 3034 firmavit,
919 2957 1006 3042 quod
1035 2958 1106 3020 licet
1136 2957 1194 3020 sibi
1222 2957 1283 3042 ipsi
1312 2980 1463 3042 magnam

504 3060 688 3144 irrogaretis
703 3058 864 3143 injuriam,
879 3059 999 3122 nullam
1023 3059 1081 3122 sibi
1098 3058 1193 3122 vellet
1209 3060 1276 3122 lieri
1294 3057 1462 3134 ultionem,

504 3161 568 3224 nisi
582 3159 662 3222 adeo
676 3162 813 3222 enormis
824 3171 915 3235 esset,
929 3161 1015 3244 quod
1032 3160 1120 3223 salvo
1136 3160 1254 3224 honore
1266 3161 1463 3228 dissimulari

507 3283 569 3325 nou
600 3273 714 3346 posset.
762 3262 863 3325 Novit
892 3263 975 3346 enim
1006 3263 1217 3325 innocentiam
1250 3277 1398 3341 vestram,
1429 3277 1463 3329 et

507 3384 603 3448 quem
633 3363 666 3424 in
697 3385 729 3425 se
761 3363 902 3427 habeatis
929 3363 1088 3427 affectum.
1137 3363 1293 3450 Praecepit
1320 3389 1397 3450 ergo
1424 3379 1463 3430 ut

506 3463 597 3528 vobis
608 3453 775 3528 scriberem
787 3465 846 3528 sibi
858 3489 921 3529 non
934 3466 1112 3551 displicere,
1124 3467 1148 3529 si
1162 3469 1347 3531 mandatum
1360 3467 1463 3532 domi-

506 3567 540 3630 ni
554 3589 647 3653 papae
661 3567 702 3630 ad
719 3589 859 3649 unguem
875 3567 1081 3654 exequimini.
1129 3568 1193 3632 Scit
1205 3569 1300 3632 etiam
1316 3570 1393 3654 quia
1408 3592 1463 3632 ne-

505 3691 592 3732 cesse
607 3681 653 3732 est
671 3666 811 3731 vobisut
828 3657 908 3731 illud
924 3668 1095 3754 impleatis,
1139 3670 1253 3732 Vestro
1268 3689 1399 3754 quoque
1417 3671 1460 3733 A.

505 3771 596 3835 dedit
611 3770 643 3835 in
655 3770 813 3835 mandatis
824 3784 860 3835 ut
875 3771 964 3834 vobis
976 3771 1072 3848 dicat,
1086 3785 1243 3857 quatenus
1260 3772 1379 3857 scripto
1390 3795 1461 3836 meo

505 3874 652 3938 credatis.
700 3873 795 3938 Scitis
810 3875 892 3937 forte
908 3896 1008 3958 quare
1024 3873 1128 3958 ipsum
1146 3872 1205 3934 hoc
1221 3872 1303 3934 idem
1326 3873 1462 3936 scribere

507 3995 568 4035 non
596 3973 748 4037 decuerit.
795 3975 867 4035 Hoc
897 3972 1029 4056 quidem
1057 3972 1126 4035 vult
1153 3970 1264 4034 haberi
1294 3985 1462 4037 secretum.

508 4075 547 4135 In
557 4074 639 4136 festo
652 4075 688 4134 M
692 4073 865 4155 sgdalenae,
875 4073 915 4134 de
927 4073 1127 4154 pertinentiis
1138 4059 1326 4136 ecclesiae'de
1337 4074 1460 4151 Celcra,

406 4228 411 4241 .
506 4197 580 4260 quae
591 4173 630 4237 ad
643 4174 698 4258 jus
709 4185 850 4236 vestrum
866 4174 1016 4256 pertinet,
1029 4187 1101 4237 ante
1114 4173 1277 4237 dominum
1292 4175 1461 4260 archiepis-

477 4310 485 4319 ·
505 4297 627 4360 copum·
637 4273 826 4356 litigabitur.
872 4272 1014 4336 Consulo
1038 4288 1073 4337 ut
1093 4274 1161 4360 ipsa
1185 4276 1236 4339 die
1261 4276 1377 4363 aliquis
1394 4301 1461 4341 ves-

506 4392 628 4443 trorum
643 4375 739 4455 adsit,
754 4375 857 4440 saltim
874 4398 985 4441 cursor
1004 4400 1076 4441 cum
1100 4378 1260 4464 rescriptis
1279 4384 1459 4445 munimen-
