3667 5475
448 763 508 821 luo
711 780 847 823 JuANNlS
865 778 1143 823 sarrusuuumusrs
1302 761 1348 839 [a.
1365 778 1397 822 n.

613 927 638 977 N
642 947 674 979 un
688 928 734 978 lmc
747 930 797 979 ista
810 929 859 979 sibi
873 937 974 1000 tempus
987 928 1133 1000 spectacula
1146 903 1237 999 poscit.

441 1031 604 1117 Siquidem
632 1053 692 1093 non
721 1043 785 1094 tam
809 1030 1009 1094 devotionem
1033 1035 1185 1111 excitant,
1211 1054 1309 1117 quam
1343 1053 1401 1097 cu-

440 1134 622 1197 riositatem.
670 1134 782 1195 Nonne
798 1132 946 1208 recolitis,
962 1134 1039 1218 quia
1055 1137 1086 1197 in
1102 1134 1250 1218 angustia
1272 1135 1398 1221 populi,

441 1249 477 1299 ut
494 1234 645 1320 scriptum
663 1247 722 1309 est,
742 1236 835 1298 Inter
852 1238 1042 1299 uestibulum
1058 1246 1088 1299 et
1103 1240 1208 1300 altare
1219 1237 1401 1319 plorabunt
1420 1254 1422 1257 ’

439 1340 614 1404 sacerdotes
648 1350 676 1402 et
716 1341 867 1412 ministri,
904 1341 1065 1403 dicentes:
1102 1342 1214 1419 Parce,
1247 1342 1400 1416 Domine,

437 1446 664 1525 parcepopulo
687 1453 750 1505 tuo.
796 1443 1020 1515 Erercitubar‚
1045 1446 1150 1527 inquit
1171 1443 1343 1529 propheta,
1367 1455 1401 1507 ct

439 1547 598 1627 scopebam
620 1546 773 1627 spiritum
796 1566 909 1617 meum,
926 1549 961 1607 in
986 1548 1038 1608 die
1057 1543 1277 1607 tribulationis
1291 1546 1400 1609 Deum

440 1647 609 1729 munirent
629 1649 783 1709 manibus.
831 1649 875 1709 Ut
891 1645 1003 1709 doceat
1023 1647 1099 1730 quia
1120 1646 1284 1731 spirituale
1309 1670 1401 1711 exer-

440 1748 551 1815 citium
582 1763 611 1814 et
645 1750 831 1814 mundatrix
861 1748 1017 1813 discussio
1047 1749 1247 1812 conscientiae
1279 1751 1398 1814 avertit

439 1851 613 1936 flagellum,
639 1867 669 1916 et
697 1853 847 1938 impetrat
874 1852 1120 1915 misericordiam
1149 1851 1219 1915 Dei.
1267 1852 1349 1928 Quis
1380 1877 1399 1915 a

437 1954 572 2021 lectione
582 1954 766 2038 legum,aut
776 1956 871 2016 etiam
882 1975 1038 2016 canonum
1048 1966 1259 2038 compunctus
1269 1955 1396 2039 surgit?

438 2055 517 2120 Plus
545 2051 636 2118 dic'o:
661 2054 812 2117 scholaris
836 2055 1022 2118 exercitatio
1044 2054 1205 2119 interdum
1230 2056 1396 2120 scientiam

438 2170 533 2240 auget
548 2155 588 2218 ad
606 2168 773 2229 tumorem,
790 2156 844 2219 sed
861 2156 1062 2220 devotionem
1078 2172 1134 2221 aut
1151 2179 1223 2221 raro
1238 2171 1294 2221 aut
1317 2180 1404 2226 uun-.

438 2279 535 2341 quam
557 2257 742 2320 inflammat.
788 2257 919 2321 Mallem
945 2282 1000 2323 vos
1019 2263 1158 2323 Psalmos
1173 2261 1346 2335 ruminare,
1363 2276 1398 2325 et

436 2358 522 2422 beati
547 2356 694 2440 Gregorii
717 2359 850 2422 morales
873 2358 972 2422 libros
995 2359 1166 2437 revolvere,
1190 2383 1287 2446 quam
1304 2362 1394 2425 scho-

435 2459 549 2524 lastico
564 2483 650 2523 more
661 2460 889 2547 philosophari.
924 2462 1068 2547 Expedit
1084 2462 1225 2527 conferre
1241 2462 1282 2527 de
1297 2465 1396 2527 mori-

435 2561 497 2625 bus
512 2584 583 2627 cum
599 2561 707 2648 aliquo
723 2563 891 2649 spirituali,
907 2564 1155 2649 cujusexemplo
1166 2565 1395 2643 accendamini,
1481 2586 1483 2592 ·

435 2687 532 2750 quam
548 2665 700 2750 inspicere
716 2680 747 2730 et
771 2666 929 2729 discutere
953 2665 1106 2751 litigiosos
1127 2668 1278 2732 articulos
1294 2691 1396 2732 saecu·
1435 2650 1437 2655 Ι

435 2767 549 2833 larium
587 2768 758 2832 literarum.
812 2773 911 2832 Novit
951 2772 1049 2849 Deus,
1079 2793 1145 2854 qua
1181 2784 1297 2849 mente,
1329 2795 1395 2856 qua

434 2870 603 2935 devotione
625 2875 687 2934 ista
709 2893 894 2955 proponam.
942 2872 1004 2932 Vos
1027 2873 1187 2956 accipietis
1212 2887 1245 2936 ut
1278 2873 1391 2956 placet.

436 2973 469 3035 Si
492 2989 597 3038 autem
622 2974 683 3036 ista
705 2974 852 3049 feceritis
878 2974 968 3035 vobis
991 2974 1050 3036 crit
1073 2975 1203 3058 adjutor
1230 2976 1330 3050 DeuS,
1357 2988 1393 3039 ut

435 3076 539 3137 timeri
561 3098 623 3138 non
654 3090 798 3159 oporteat
823 3076 901 3159 quid
933 3076 1133 3140 machinetur
1164 3077 1269 3139 homo.
1316 3079 1393 3162 Ipse

432 3176 521 3239 novit
531 3177 618 3260 quod
629 3176 660 3237 in
673 3177 762 3240 nullo
774 3178 898 3239 mortali
910 3179 1011 3257 nobis,
1022 3193 1057 3241 ut
1068 3180 1190 3263 opinor,
1198 3180 1390 3261 sperandum

433 3279 536 3342 estin
560 3281 710 3361 praesenti
741 3281 898 3360 angustia<
948 3281 1066 3343 Audivi
1092 3298 1195 3342 tamen
1220 3280 1306 3363 quod
1334 3303 1390 3343 rex

436 3379 578 3441 Franciae
601 3402 659 3464 pro
682 3382 771 3443 vobis
793 3382 1009 3444 sollicitaverit
1034 3383 1197 3444 dominum
1214 3379 1342 3466 papam,
1360 3396 1392 3445 et

432 3482 728 3546 Pontiniacensibus
744 3499 862 3566 gratias
879 3485 989 3567 egerit.

478 3583 599 3648 Audivi
627 3577 715 3667 quod
747 3584 934 3669 scripseritis
965 3584 1201 3669 archiepiscopo
1228 3587 1390 3659 Remensi‚

425 3681 469 3751 ¹ut
486 3712 534 3751 res
551 3703 670 3751 vestras
686 3709 742 3770 per
768 3687 946 3750 Flandrianr
971 3687 1108 3749 conduci
1124 3687 1240 3749 iaceret
1264 3687 1391 3748 nomine

432 3814 501 3872 su0,
531 3791 622 3877 quasi
646 3815 712 3854 suae
734 3791 856 3853 futurae
880 3805 980 3852 erant.
1028 3789 1121 3866 Quod
1146 3793 1171 3852 si
1198 3811 1306 3850 verum
1332 3805 1392 3867 est,

430 3895 527 3957 miror
543 3895 726 3979 plurimum.
751 3897 911 3956 Praeterca
927 3891 1054 3966 dicitur,
1071 3892 1157 3977 quod
1174 3892 1271 3954 frater
1290 3891 1391 3972 Hugo

430 3994 470 4056 de
500 4008 608 4056 sancto
640 3995 813 4056 Benedicto
836 3993 963 4055 redierit
987 3994 1027 4054 ab
1051 3993 1175 4075 Anglia,
1200 4006 1230 4054 et
1255 3990 1389 4075 quidam

430 4093 496 4170 alii,
522 4093 678 4175 legatione
711 4096 794 4177 regis
824 4095 923 4157 nostri
954 4096 1122 4177 iungentes
1152 4093 1191 4154 ud
1222 4091 1388 4153 dominum

431 4218 543 4281 papam
562 4211 593 4259 et
610 4219 713 4279 regem
733 4199 941 4272 Francorum,
958 4197 1011 4259 sed
1026 4198 1103 4281 quid
1117 4196 1294 4273 attulerint,
1310 4197 1390 4258 scire

430 4298 583 4361 desidero.
630 4297 758 4360 Dicitur
780 4301 873 4360 ctiam
905 4301 991 4383 quod
1022 4315 1116 4364 terrae
1147 4313 1253 4362 motus
1284 4319 1390 4381 nuper

430 4403 526 4465 fuerit
545 4401 575 4462 in
594 4398 708 4483 Anglia
724 4401 805 4460 circa
831 4401 1047 4479 Cantuariam,
1064 4416 1094 4463 et
1117 4399 1329 4473 Londoniam,
1356 4415 1388 4461 et
