3667 5475
440 792 479 853 ta
693 803 831 849 noturus
846 801 1125 849 murnianus
1301 785 1348 865 [a.
1366 804 1397 850 n.

439 958 607 1042 contingit.
653 957 754 1020 Porro
776 955 809 1019 in
838 955 1025 1041 episcopatu
1052 954 1244 1018 Cicestnensi
1270 953 1398 1020 diutius

440 1057 659 1125 honestissime
684 1070 889 1122 conversatus
911 1068 971 1136 est,
996 1068 1029 1120 et
1053 1055 1230 1122 claritatem
1253 1079 1355 1143 quam
1380 1079 1400 1121 a

439 1162 614 1248 majoribus
627 1162 788 1225 contraxit
804 1159 944 1246 propriae
958 1160 1090 1224 virtutis
1104 1159 1202 1225 titulo
1218 1158 1398 1236 decorarit,

440 1277 472 1329 et
488 1284 613 1350 semper
627 1263 660 1326 in
674 1263 824 1327 omnibus
837 1263 926 1349 apud
947 1286 1005 1329 nos
1022 1263 1149 1329 incessit
1165 1265 1233 1328 sine
1252 1261 1397 1351 querela

441 1367 524 1430 Haec
543 1364 672 1451 quidem
693 1364 734 1427 de
753 1387 802 1442 eo,
820 1364 912 1427 nobis
929 1377 962 1429 et
978 1363 1150 1429 venerabili
1172 1365 1266 1430 fratri
1286 1376 1399 1430 nostro

441 1464 632 1530 cicestrensi
646 1462 805 1551 episcopo,
821 1475 853 1527 et
875 1462 947 1527 aliis
966 1462 1149 1542 convicinis,
1163 1463 1281 1530 celebri
1295 1465 1399 1532 totius

441 1566 613 1655 provincia
629 1562 810 1630 testimonio
824 1578 901 1628 nota
915 1576 1000 1627 sunt.

618 1797 839 1862 nrisroua
862 1800 1044 1863 xvi-m
1058 1818 1213 1866 eumen.
1237 1759 1240 1763 ¹

778 1931 925 1995 Adriano
940 1916 1053 2015 Papa.
1127 1916 1140 1938 ⁸

484 2064 523 2130 Is
547 2088 653 2145 cansa,
667 2085 744 2152 quae
767 2063 850 2130 inter
866 2066 908 2131 G.
925 2064 1057 2130 latorem
1073 2066 1189 2159 borum
1212 2080 1244 2134 et
1269 2070 1396 2157 Grego

439 2169 522 2235 rium
549 2168 709 2254 quendam
734 2167 931 2245 vertebatur,
957 2167 989 2232 in
1020 2166 1221 2255 praesentiam
1250 2184 1394 2240 nostram

438 2294 496 2358 per
519 2269 762 2357 appellationem
786 2282 900 2347 tracta,
924 2269 985 2334 boc
1007 2270 1104 2334 modo
1125 2294 1308 2357 processum
1331 2287 1394 2341 est

439 2377 528 2458 Aug.
543 2371 629 2435 filius
644 2370 794 2457 Gregorii
804 2386 837 2436 et
849 2387 1038 2458 procurator
1049 2374 1210 2438 asserebat
1224 2373 1393 2442 dominum

438 2497 532 2539 suum
559 2473 721 2538 ecclesiam
743 2472 784 2538 de
807 2473 919 2539 Becles
940 2473 1125 2560 possedisse,
1145 2498 1248 2562 eaque
1268 2477 1393 2566 absque

436 2576 549 2640 ordine
558 2576 733 2664 judiciario
747 2575 933 2663 spoliatum,
948 2576 1043 2641 laicos
1059 2576 1229 2663 quosdam,
1240 2590 1274 2643 et
1289 2572 1391 2645 unum

434 2678 596 2757 clericum,
612 2702 710 2768 quem
733 2679 794 2745 iste
812 2679 977 2744 inimicum
998 2702 1093 2747 suum
1112 2694 1263 2749 causatus
1280 2695 1343 2763 est,
1356 2684 1390 2753 in

435 2808 503 2850 suae
524 2783 704 2850 assertionis
727 2781 946 2849 testimonium
973 2783 1179 2869 producebat.
1224 2785 1392 2855 Econtra

437 2888 618 2952 Gaufridus
644 2886 837 2968 Gregorium
865 2884 1041 2972 possedisse
1070 2884 1225 2978 inficians
1251 2887 1390 2969 dicebat,

437 3003 509 3076 post
525 3003 670 3074 tempora
690 2986 755 3061 illa,
770 2987 811 3054 de
825 2986 945 3073 quibus
969 2988 1058 3072 Aug.
1074 2986 1276 3073 loquebatur,
1293 2981 1388 3056 Bald.

438 3090 597 3177 quendam
615 3112 672 3174 per
686 3087 832 3152 abbatem
849 3089 934 3153 beuti
956 3089 1132 3164 Edmundi,
1148 3102 1180 3154 et
1195 3106 1389 3158 conventum

437 3192 565 3256 domino
587 3188 780 3254 Norvicensi
802 3190 842 3253 ud
865 3191 1033 3277 praefatam
1056 3192 1216 3256 ecclesiam
1237 3193 1270 3257 in
1293 3194 1390 3280 plena

437 3294 560 3381 synodo
570 3293 669 3357 fuisse
680 3306 954 3377 repraesentatum,
966 3317 1134 3380 quumque
1145 3295 1292 3360 dominus
1306 3297 1390 3361 Nor-

436 3395 587 3471 nicensis,
600 3409 709 3459 utrum
725 3395 835 3459 eadem
850 3396 982 3460 ecclesia
992 3411 1128 3473 vacaret,
1141 3397 1311 3482 diligenter
1325 3399 1391 3464 dis-

435 3497 595 3586 quisisset,
612 3497 723 3561 habito
744 3511 883 3563 tractatu
905 3520 980 3561 cum
1000 3498 1155 3564 iratribus
1170 3500 1304 3584 capituli
1318 3524 1390 3569 earu

434 3625 545 3667 vacare
556 3600 718 3687 respondit
730 3601 973 3665 archidiaconus
984 3603 1108 3668 caeteris
1118 3603 1345 3670 attestantibus
1354 3607 1389 3672 in

434 3704 564 3794 publica
578 3703 741 3769 audientia
762 3716 794 3767 et
811 3703 858 3767 ita
879 3703 1099 3768 introductum
1122 3706 1161 3768 Β.
1179 3708 1389 3788 memorabat,

431 3808 484 3874 cui
498 3821 530 3874 et
545 3808 606 3872 iste
628 3830 660 3870 se
680 3805 866 3870 successisse
881 3805 1051 3882 referebat,
1066 3805 1229 3891 ingressus
1244 3808 1293 3873 sui
1309 3813 1388 3876 satis

433 3909 548 3976 idonea
567 3908 730 3995 proferens
745 3908 966 3972 instrumenta.
1011 3910 1097 3991 Aug.
1112 3930 1188 3971 vero
1202 3921 1297 3974 testes
1313 3933 1389 3976 suos

433 4008 538 4072 audiri
559 4008 713 4074 instanter
728 4008 923 4093 postulabat.
969 4006 1094 4072 Deinde
1110 4008 1289 4073 Gaufridus
1305 4010 1390 4076 Gre-

431 4108 557 4194 gorium
574 4131 630 4192 per
648 4122 885 4193 procuratorem
909 4131 1032 4194 semper
1053 4108 1191 4195 litigare,
1207 4133 1387 4197 numquam

431 4211 480 4275 sui
495 4211 618 4295 copiam
635 4209 750 4284 facere,
762 4218 866 4295 'quum
886 4224 990 4275 tamen
1008 4235 1112 4294 sanus,
1127 4224 1160 4276 et
1174 4237 1275 4302 propo
1290 4229 1385 4294 esset,

431 4312 638 4399 querebatur,
650 4311 810 4397 adjiciens,
826 4313 852 4376 si
868 4336 1031 4398 personam
1049 4317 1119 4402 ejus
1133 4317 1265 4392 videret,
1277 4318 1386 4405 ipsum

429 4415 524 4482 talem
546 4437 612 4479 esse
628 4425 842 4493 ostensurum,
858 4416 947 4501 quod
962 4440 1021 4483 nee
1043 4418 1125 4482 banc
1146 4419 1310 4486 ecclesiam
1327 4443 1386 4484 nec
