3667 5475
432 781 494 840 118
682 797 817 842 Joauurs
832 795 1112 842 sanasauarsusrs
1285 776 1332 858 [s.
1351 794 1384 839 n.

668 948 686 998 J
688 964 730 999 arn
742 945 849 998 mellitis
860 946 959 1016 potiore
970 944 1105 1016 placentis,

570 1032 660 1100 thue
673 1030 814 1083 sacerdotis
825 1029 952 1098 fugitivus
963 1029 1018 1081 liba
1030 1034 1139 1082 recusat.

430 1141 511 1215 Quis
525 1140 607 1204 enim
624 1141 656 1205 in
672 1153 760 1207 tanta
778 1162 899 1227 panum
921 1141 1117 1205 abundantia
1133 1162 1195 1203 non
1212 1141 1386 1221 reficiatur,

431 1266 529 1328 quum
556 1265 647 1307 nemo
672 1266 782 1328 regum
813 1243 1013 1307 delicatiores
1038 1242 1070 1306 in
1097 1264 1204 1306 mensa
1229 1265 1288 1305 sua
1312 1266 1387 1307 con-

431 1344 590 1432 spexerit?
625 1347 699 1433 quis
728 1344 835 1432 plures
866 1368 1022 1431 umquam
1049 1343 1262 1410 delicatissimi
1291 1344 1388 1430 panis

430 1449 587 1535 congessit
613 1445 758 1534 species?
787 1447 883 1512 babet
910 1448 994 1511 enim
1024 1446 1201 1511 satietatem
1231 1445 1298 1510 sine
1322 1447 1386 1511 fas-

432 1549 524 1630 tidio,
543 1563 574 1615 et
596 1549 723 1615 dulcem
745 1548 813 1614 sine
832 1548 960 1613 defectu
983 1561 1016 1612 et
1038 1547 1209 1612 inanitione
1231 1546 1386 1613 esuriem:

431 1653 598 1718 conferunt
625 1665 656 1717 et
683 1653 763 1716 miro
789 1651 983 1716 condimenti
1010 1650 1134 1734 gratiae,
1156 1673 1238 1736 quos
1264 1663 1390 1715 terrena

432 1754 584 1842 deprimit
598 1754 799 1830 inhabitatio,
814 1752 898 1817 felici
914 1752 1113 1839 superiorum
1136 1752 1299 1816 evectione
1320 1775 1390 1817 sus·

432 1858 590 1943 pendunt.
638 1856 735 1921 Unde
764 1878 891 1920 manum
922 1854 1124 1918 correctionis
1154 1854 1198 1917 eis
1227 1876 1394 1940 apponere

432 1983 495 2023 non
516 1982 686 2044 praesumo,
707 1959 783 2044 quia
803 1957 884 2021 nibil
902 1956 1028 2021 invenio
1043 1956 1075 2019 in
1090 1956 1135 2021 eis
1154 1955 1390 2040 corrigendum,

432 2060 488 2147 qui
512 2082 565 2123 eos
587 2072 675 2125 tanta
697 2058 850 2123 aviditate
875 2081 1001 2124 vorasse
1024 2058 1188 2133 voluerim,
1208 2070 1245 2122 ut
1269 2080 1327 2122 nec
1349 2058 1389 2122 de

434 2162 612 2226 substantia
647 2183 795 2225 sensuum
826 2174 882 2225 eut
914 2160 1017 2245 specie
1047 2160 1215 2224 verborum
1246 2158 1395 2225 elabatur

434 2260 511 2325 mibi
533 2262 626 2337 mica,
649 2261 699 2325 vel
722 2262 838 2326 tenuis.
875 2262 978 2326 Micas
1000 2262 1083 2325 enim
1105 2274 1137 2326 et
1159 2261 1303 2325 crustula
1324 2264 1392 2325 Do-

434 2361 521 2425 mino
541 2372 670 2426 auctore
693 2362 888 2449 deglutiam:
912 2376 1066 2428 caeterum
1087 2363 1178 2427 novit
1195 2362 1393 2448 experientia

435 2477 552 2540 vestra,
576 2468 653 2550 quia
674 2488 736 2529 non
760 2465 793 2533 iu
815 2463 882 2529 solo
905 2487 986 2551 pane
1013 2465 1092 2530 vivit
1119 2465 1225 2543 bomo,
1246 2476 1278 2529 et
1301 2465 1392 2550 quod

435 2564 607 2653 potationis
643 2567 812 2632 assiduitas
839 2566 927 2652 apud
956 2579 1082 2631 exteras
1110 2565 1253 2632 nationes
1281 2568 1393 2632 fecerit

436 2669 562 2756 Anglos
583 2670 731 2755 insignes.
776 2669 874 2733 Unde
892 2670 1022 2756 justum
1042 2668 1180 2733 arbitror
1204 2682 1242 2734 nt
1265 2669 1393 2754 egregie

435 2774 540 2838 cibato
561 2773 748 2861 propinetis,
771 2785 803 2838 et
826 2772 877 2836 cui
900 2771 1094 2859 apposuistis
1115 2784 1147 2837 et
1171 2795 1304 2857 panem,
1319 2795 1397 2859 por-

432 2877 544 2961 rigatis
564 2890 595 2941 et
616 2876 778 2962 poculum.
823 2875 899 2938 Jam
923 2876 1006 2940 enim
1030 2873 1114 2949 sitio,
1128 2886 1308 2961 poteroque
1334 2897 1391 2938 vo·
1415 2912 1417 2917 ·

437 2990 523 3041 rator
547 2999 666 3062 panum
692 2976 724 3041 in
751 2976 892 3042 siccitate
920 2974 1123 3060 strangulari,
1145 2975 1204 3038 nisi
1226 2976 1395 3042 clementia

436 3092 540 3141 vestra
569 3075 647 3138 mihi
676 3077 786 3140 vinum
816 3077 994 3162 provideat.
1051 3077 1126 3142 Hoc
1156 3077 1266 3162 itaque
1302 3077 1396 3140 vobis

437 3177 582 3262 paratius
594 3163 641 3241 e⁰st
656 3200 752 3261 quam
774 3178 876 3254 coelia,
893 3202 966 3264 quae
986 3201 1005 3240 a
1025 3178 1220 3243 nostratibus
1241 3200 1301 3242 usu
1323 3178 1398 3244 vul·

437 3280 507 3363 gari
523 3279 655 3341 cervisia
675 3292 890 3364 nuncupatur.
935 3284 1009 3364 Ego
1030 3293 1134 3346 tamen
1157 3279 1324 3366 utriusque
1346 3281 1395 3346 bi·

437 3380 500 3442 bax
520 3400 602 3456 sum,
618 3392 650 3442 et
670 3401 734 3442 non
756 3380 912 3443 abhorreo
934 3381 1088 3466 quicquid
1103 3380 1259 3444 inebriare
1278 3393 1396 3468 potest.

441 3478 503 3544 Sed
525 3479 676 3567 quoniam
700 3480 791 3546 vobis
810 3495 857 3547 est
878 3483 981 3569 copia,
997 3496 1076 3546 teste
1097 3483 1152 3548 illo
1174 3483 1273 3547 veteri
1291 3485 1396 3548 amico

438 3605 519 3661 meo,
533 3582 587 3666 qui
600 3606 771 3669 numquam
784 3587 804 3619 “
814 3583 873 3648 nisi
886 3595 982 3670 potus
991 3584 1031 3648 ad
1039 3598 1127 3657 artes
1137 3584 1315 3670 prosiluit‚''
1327 3606 1397 3648 ver·

441 3709 557 3772 susque
583 3685 731 3763 faciebat,
758 3688 815 3772 qui
840 3708 973 3749 numero
1000 3685 1190 3770 syllabarum
1218 3698 1249 3748 et
1275 3686 1396 3771 pedum

439 3788 630 3874 Virgilianos
655 3811 764 3852 versus
789 3789 986 3853 excederent.
1037 3791 1109 3853 Prae
1130 3788 1252 3852 caeteris
1278 3786 1395 3852 inebri-

438 3892 567 3954 antibus
589 3912 688 3954 unum
710 3904 796 3976 peto,
819 3906 855 3955 ut
878 3890 931 3966 sit,
954 3889 1042 3975 qnod
1069 3912 1151 3974 pane
1173 3889 1394 3954 confirmatum

441 3992 606 4056 exhilaret.
652 3996 752 4056 Porro
767 3997 851 4057 inter
871 4006 1012 4069 caeteras,
1028 3995 1120 4055 vinea
1139 3990 1260 4065 domini
1282 3991 1397 4054 Soretb

440 4091 532 4154 vobis
552 4092 655 4155 notior
670 4107 729 4171 est,
744 4106 776 4158 et
791 4116 865 4177 quae
880 4094 920 4157 ad
939 4115 1034 4157 usum
1050 4095 1119 4179 ejus
1135 4094 1256 4156 faciunt
1278 4093 1397 4157 instru-

441 4205 548 4256 menta
569 4194 675 4255 omnia
696 4215 791 4277 penes
814 4216 869 4255 vos
893 4217 959 4257 esse
982 4215 1045 4257 non
1072 4194 1210 4278 ambigo.
1250 4194 1397 4256 Extrux-

442 4289 509 4370 istis
524 4288 641 4352 ibidem
659 4302 691 4354 et
709 4311 763 4351 vos
778 4289 928 4365 torcular,
942 4291 1033 4375 cujus
1049 4291 1278 4355 interveniente
1293 4289 1401 4353 officio·

442 4392 531 4456 vobis
551 4392 658 4456 vinum
678 4393 861 4477 frequenter
882 4393 1082 4478 exprimitur,
1099 4395 1129 4457 in
1153 4415 1246 4457 usum
1267 4413 1397 4456 conver-
