3667 5475
514 768 575 828 lca
763 778 898 824 tornius
915 774 1196 821 sannssanmnsrs
1266 838 1268 844 y
1373 755 1418 837 [a.
1436 774 1469 820 o.

507 932 546 997 in·
557 931 668 1017 aliquo
682 928 818 1013 gratiam
834 928 904 1012 ejus
920 924 1076 1002 demerui,
1092 924 1306 990 satisfactione
1326 946 1470 1010 congrua

504 1032 636 1098 eandem
652 1032 730 1095 milri
747 1030 840 1094 liceat
855 1029 1039 1115 promereri,
1059 1045 1091 1093 et
1113 1026 1228 1092 exinde
1247 1027 1413 1098 honestius
1435 1040 1469 1092 et

506 1134 649 1210 liberius,
666 1133 714 1196 vel
730 1135 834 1216 gratia
844 1133 1033 1210 litterarum,
1046 1129 1095 1193 vel
1111 1128 1320 1214 occupatione
1331 1128 1468 1194 alterius

508 1233 619 1311 studii,
635 1246 734 1298 tantae
750 1232 971 1306 sollicitudini,
995 1232 1169 1307 laboribus,
1186 1230 1420 1317 suspicionibus
1435 1242 1469 1294 et

509 1336 661 1425 periculis
676 1358 727 1400 me
742 1336 848 1421 ipsum
865 1335 1052 1399 subtrahere
1068 1346 1191 1419 potero.
1223 1333 1319 1396 Nunc
1330 1331 1426 1409 enim,
1443 1331 1470 1395 si

508 1437 588 1525 quid
612 1451 696 1502 recte
719 1437 786 1511 fiat,
810 1435 885 1509 alii,
909 1434 934 1499 si
957 1435 1035 1521 quid
1054 1436 1148 1514 male,
1171 1433 1248 1498 milri
1265 1432 1468 1497 adscribitur.

510 1540 584 1605 Non
601 1553 648 1605 est
661 1538 781 1603 malum
804 1537 836 1601 in
859 1536 988 1601 civitate
1002 1536 1091 1622 quod
1113 1559 1175 1621 ego
1196 1557 1260 1599 non
1276 1535 1401 1614 faciam,
1416 1556 1469 1598 me

511 1641 595 1706 forte
614 1642 781 1704 excusabit
803 1638 1055 1702 commodissime
1077 1638 1221 1703 absentia
1243 1659 1323 1713 mea,
1339 1647 1376 1700 ut
1398 1635 1470 1721 ejus

510 1746 653 1808 animum
675 1741 802 1806 facilius
828 1740 956 1827 possitis
978 1738 1138 1804 inclinare.
1183 1739 1325 1804 Litteras
1346 1735 1468 1801 domini
1563 1735 1567 1740 ’

510 1866 604 1931 papae
626 1865 685 1929 pro
707 1864 757 1905 me
779 1842 931 1906 facientes
953 1839 1115 1905 dilectioni.
1139 1851 1252 1904 vestrae
1274 1837 1469 1913 transmitto,

511 1968 593 2031 quas
616 1945 640 2008 si
663 1944 781 2030 placet,
804 1943 882 2006 mibi
904 1941 1029 2006 restitui
1061 1941 1204 2007 facistis:
1228 1964 1280 2005 aas
1302 1940 1381 2004 mihi
1402 1940 1470 2003 sine

511 2046 666 2132 rescripto
682 2068 744 2109 non
761 2057 893 2130 rogatus
908 2043 1018 2108 attulit
1036 2043 1168 2109 nuntius
1182 2043 1301 2107 domini
1318 2042 1465 2108 Eliensis.

510 2148 606 2211 Hanc
621 2146 740 2210 domini
758 2169 848 2232 papae
865 2147 1050 2232 petitionem
1066 2147 1214 2211 dominus
1225 2144 1465 2212 Cantuariensis

512 2247 629 2312 litteris
644 2246 710 2311 suis
725 2249 944 2333 prosequitur.
1011 2259 1015 2264 '

558 2353 609 2415 De
623 2363 739 2414 caetero
754 2373 861 2413 rerum
874 2364 1050 2417 vestrarum
1067 2376 1118 2416 me
1132 2373 1238 2417 curam
1253 2350 1369 2413 habere
1384 2371 1468 2435 prae-

512 2450 657 2537 cepistis:
689 2450 790 2515 libens
814 2474 922 2538 pareo,
949 2453 1044 2517 etiam
1072 2454 1129 2518 ubi
1147 2475 1217 2518 ,non
1243 2451 1368 2538 proficit
1390 2473 1469 2514 cura

513 2572 594 2618 mea.
640 2554 799 2617 Dominus
813 2566 921 2617 noster
936 2557 1139 2641 propriarum
1160 2554 1362 2619 ecclesiarum
1377 2551 1470 2616 vobis

515 2654 661 2719 subtrahi
675 2656 828 2742 proecepit
842 2655 1009 2719 auxilium.
1046 2656 1281 2721 Resistentibus
1296 2653 1373 2717 mihi
1388 2653 1470 2729 aliis,

514 2757 637 2823 frustra
663 2771 774 2823 contra
798 2771 971 2823 torrentem
997 2760 1102 2826 direxi
1128 2758 1259 2824 brachia
1283 2781 1362 2822 mea.
1409 2758 1474 2820 Vos

514 2873 621 2925 autem
642 2883 738 2947 super
759 2861 828 2926 haec
848 2861 877 2924 ei
900 2862 1072 2927 rescribite.
1117 2864 1168 2926 De
1189 2870 1274 2924 statu
1291 2858 1415 2935 insulae,
1438 2870 1470 2922 et

515 2965 615 3028 curioe
629 2963 839 3027 familiaribus
854 2964 945 3028 vobis
960 2963 1055 3050 plura
1072 2963 1208 3028 scribere
1231 2987 1349 3038 vereor,
1364 2982 1467 3046 quum

515 3089 574 3153 per
595 3066 746 3131 invidiam
763 3066 914 3144 fortunae,
935 3064 1114 3130 litterarum
1131 3088 1272 3129 mearum
1289 3064 1372 3141 aliae,
1392 3065 1469 3128 inci·
1580 3055 1583 3060 ’

516 3168 595 3232 dant
611 3167 643 3230 in
657 3167 806 3248 latrones,
822 3167 892 3231 aliae
907 3168 1110 3253 naufragium
1126 3166 1300 3252 patiantur,
1315 3167 1385 3230 aliae
1400 3188 1474 3230 meo

517 3269 686 3356 dispendio
709 3291 741 3332 se
764 3269 969 3355 impudenter
991 3270 1171 3357 principum
1194 3269 1293 3333 oculis
1313 3273 1470 3355 ingerant.

517 3367 556 3432 In
579 3366 630 3431 his
652 3380 770 3444 tamen,
790 3381 822 3433 et
845 3368 926 3446 aliis,
947 3370 1028 3456 quid
1050 3393 1101 3434 me
1122 3379 1266 3456 oporteat
1286 3369 1400 3445 facere,
1422 3392 1472 3432 re-

517 3469 669 3535 scribetis.

517 3654 741 3762 EPISTOLA
764 3696 975 3761 CXIV-ao
991 3716 1196 3761 narnnnmu
1212 3716 1471 3762 nnncnnronnu

763 3815 996 3862 sanonnnsnn.
1017 3799 1096 3879 [an.
1115 3799 1224 3879 1159]

703 3937 863 3998 Mattnaeo
877 3935 1074 3998 Procentori
1089 3937 1282 4001 Senotensi.

562 4069 695 4143 Mrnon,
715 4066 826 4145 amice,
848 4081 881 4130 et
907 4066 1011 4149 doleo,
1033 4068 1059 4132 si
1082 4067 1231 4133 dominus
1257 4092 1342 4156 papa
1367 4069 1472 4134 indul-

515 4165 632 4252 gentiae
655 4187 721 4229 suae
743 4166 930 4231 beneficium
948 4169 1118 4244 revocavit,
1135 4182 1167 4234 et
1182 4182 1214 4234 te
1237 4169 1363 4234 illorum
1387 4193 1469 4257 prae·

515 4269 602 4353 cepit
625 4267 731 4331 subire
752 4268 913 4351 judicium
939 4271 996 4354 qui
1019 4271 1078 4336 tibi
1102 4274 1216 4336 merito
1246 4287 1379 4359 possunt
1401 4295 1470 4336 esse

516 4369 667 4454 suspecti,
683 4381 715 4432 et
738 4369 859 4452 absque
881 4391 1031 4455 suprema
1052 4387 1084 4438 et
1099 4374 1165 4438 fere
1188 4374 1365 4439 invincibili
1389 4372 1471 4436 diffi-
