3667 5475
434 774 500 833 ‘tot
690 783 827 829 scaurus
843 783 1123 831 samssnmeusrs
1293 776 1341 852 [A.
1357 786 1389 832 n.

433 941 586 1004 citaretur
599 948 719 1014 auctor,
729 947 763 999 et
776 957 842 1000 non
855 947 1020 1001 caveretur
1035 959 1137 1017 verus,
1151 938 1209 1001 sed
1224 940 1384 1003 efficacius

432 1038 562 1103 laederet
576 1057 643 1100 non
658 1048 835 1118 suspectus.
880 1036 916 1100 si
932 1047 1038 1101 tamen
1057 1036 1270 1102 calumniator
1294 1061 1383 1103 meus

433 1138 640 1215 Benedictus,
655 1148 710 1201 aut
731 1138 813 1200 alius
835 1159 886 1201 me
909 1139 987 1201 velit
1009 1160 1151 1221 arguere,
1166 1141 1333 1224 procedat,
1354 1152 1385 1205 et

432 1242 538 1323 palam
560 1247 681 1320 arguat,
695 1248 728 1301 et
748 1237 811 1300 nisi
834 1258 939 1300 meam
960 1237 1134 1302 defendero
1156 1240 1385 1319 innocentiam,

432 1342 554 1424 absque
577 1338 830 1404 contradictione
853 1339 998 1403 concedo
1021 1362 1072 1403 me
1094 1341 1266 1423 proditoris
1288 1365 1384 1426 poena

432 1440 641 1525 puniendum.
677 1439 774 1512 Quod
785 1439 812 1502 ei
823 1439 1008 1505 innocentia
1020 1462 1092 1504 mea
1106 1444 1264 1522 claruerit,
1276 1466 1383 1527 quaeso

434 1565 476 1607 ne
498 1543 622 1627 antiqui
641 1541 737 1606 amici
751 1553 784 1606 et
798 1541 921 1605 domini
944 1543 1077 1624 gratiam
1100 1543 1242 1609 debitam
1265 1549 1386 1611 subtra-

433 1649 512 1713 hant
539 1646 721 1710 innocenti:
760 1646 786 1709 si
813 1666 888 1708 vero
918 1645 1102 1709 criminator
1130 1668 1220 1710 meus
1248 1648 1385 1713 tacendo

433 1749 598 1814 detrahere
621 1746 778 1824 maluerit,
800 1767 895 1829 quam
919 1741 1026 1829 palam
1051 1767 1192 1827 arguere,
1215 1767 1329 1829 precor
1353 1758 1387 1812 ut

432 1851 630 1935 purgatione,
660 1869 732 1931 qua
762 1846 901 1910 dominis
930 1847 1010 1910 meis
1043 1849 1209 1931 placuerit,
1238 1859 1384 1932 accepta,

431 1954 588 2016 habeatur
612 1951 787 2014 absolutus.
841 1949 912 2011 Nec
942 1948 1004 2011 hoc
1035 1948 1181 2025 dixerim,
1206 1960 1242 2013 ut
1267 1952 1309 2014 ab
1340 1952 1387 2014 eis

432 2053 681 2115 emolumentum
703 2050 877 2132 temporale
894 2059 1075 2131 expectem,
1091 2049 1144 2113 cui
1160 2048 1230 2132 jam
1253 2071 1312 2133 per
1333 2052 1387 2115 tri-

432 2155 520 2235 ginta
544 2151 702 2214 mensium
723 2150 880 2213 curricula
904 2150 1049 2214 exulanti
1071 2151 1190 2215 sufficit
1210 2152 1386 2217 liberalitas

434 2251 565 2330 Christi,
587 2252 643 2335 qui
668 2259 701 2313 et
729 2250 806 2313 coeli
834 2252 941 2333 pascit
966 2252 1116 2330 volatilia,
1143 2262 1175 2317 et
1201 2254 1270 2318 lilia
1294 2257 1389 2320 vestit

433 2374 589 2438 agrorum.
635 2352 749 2435 Inquis
773 2372 860 2431 ergo,
875 2352 954 2435 quid
979 2352 1083 2435 petis?
1115 2376 1192 2419 sane
1217 2357 1306 2439 quod
1322 2358 1387 2421 illis

433 2455 536 2537 magis
564 2474 660 2538 quam
690 2450 768 2515 mihi
796 2453 908 2536 prosit,
934 2454 1097 2537 antiquam
1123 2468 1155 2518 et
1184 2456 1325 2520 debitam
1354 2459 1387 2520 in

434 2558 577 2623 Domino
603 2556 785 2621 caritatem:
815 2578 872 2619 eos
897 2556 983 2620 enim
1006 2567 1137 2622 auctore
1161 2560 1291 2624 Christo
1318 2560 1390 2624 dili·

433 2684 505 2745 gam
534 2659 692 2745 quamdiu
716 2659 838 2739 vixero,
864 2659 963 2722 velint
991 2660 1103 2722 nolint.
1158 2662 1255 2734 Quod
1284 2663 1314 2725 si
1342 2661 1389 2726 illi

433 2763 564 2846 diligere
592 2761 754 2825 noluerint
785 2760 970 2844 diligentem
1000 2783 1046 2840 se,
1076 2784 1145 2827 cras
1180 2765 1390 2847 respondebit

432 2866 512 2929 mihi
523 2864 646 2950 justitia
661 2885 743 2940 mea,
758 2863 784 2926 si
806 2863 886 2947 qnid
900 2863 934 2925 in
950 2874 1058 2927 monte
1075 2866 1235 2928 Dominus
1252 2865 1384 2929 videbit.

433 2967 498 3032 Sed
535 2965 615 3030 dicit
644 2964 799 3027 Nicolaus
834 2984 936 3043 meus,
969 2975 1004 3027 ut
1036 2965 1143 3043 audio,
1176 2966 1265 3048 quod
1295 2968 1388 3030 stilus

432 3091 522 3133 meus
544 3079 609 3132 est:
643 3089 703 3148 ego
725 3068 821 3150 plane
843 3067 936 3130 illum
960 3088 1065 3130 meum
1092 3090 1161 3131 esse
1187 3090 1253 3131 non
1280 3070 1389 3147 credo,

432 3170 656 3252 Dominusqne
672 3168 752 3229 mihi
767 3169 858 3232 testis
872 3181 933 3245 est,
948 3168 1036 3252 qnod
1050 3170 1152 3250 magis
1175 3171 1282 3249 dolen,
1299 3171 1389 3254 quod

431 3271 575 3335 soliditas
605 3271 674 3352 ejus
704 3279 799 3332 tantae
828 3271 976 3333 falsitatis
1009 3271 1139 3334 admisit
1168 3275 1388 3356 suspicionem

430 3371 576 3446 facilem3
614 3390 710 3452 quam
736 3390 779 3432 ex
798 3368 925 3452 jactura
952 3393 1044 3454 quam
1069 3394 1110 3435 ex
1137 3374 1244 3437 multis
1271 3375 1389 3440 diebus

432 3492 601 3556 perpessus
616 3492 696 3533 sum.
743 3472 818 3533 Non
841 3473 924 3535 enim
948 3483 1015 3536 erat
1037 3475 1148 3538 leviter
1163 3478 1391 3558 amplectenda

433 3573 562 3637 occasio
582 3583 618 3635 ut
640 3573 680 3634 ab
703 3565 806 3635 amico
833 3569 1023 3650 discederet,
1047 3574 1220 3656 praesertim
1244 3584 1389 3660 tempore

430 3676 502 3738 isto.
548 3672 633 3755 Ego,
654 3672 810 3734 liberante
833 3694 883 3735 me
906 3671 1053 3735 cordium
1075 3669 1270 3756 inspectore,
1292 3676 1390 3740 facile

430 3776 573 3840 evadam.
620 3775 665 3838 Et
681 3774 802 3836 utinam
817 3774 886 3855 ipse
902 3771 942 3836 de
957 3775 1085 3837 levitate
1101 3771 1217 3858 judicii
1234 3776 1388 3840 adversus
1431 3773 1435 3780 ’

430 3878 567 3942 amicum
591 3878 805 3953 innocentem,
820 3896 885 3938 non
900 3875 992 3939 facile
1015 3876 1223 3959 turpitudinis
1245 3878 1388 3942 incurrat

430 3989 550 4040 notam.
