3667 5475
436 785 478 847 30
698 788 834 840 toruum
849 790 1128 840 sarusasrususrs
1297 775 1347 861 [a.
1366 797 1398 847 o.

433 952 465 1016 0
480 968 588 1013 verum
612 944 748 1011 Romani
769 942 933 1010 Pontiiieis
952 944 1110 1010 amicum!
1134 946 1191 1032 qui
1207 958 1240 1013 et
1255 949 1289 1014 iu
1304 949 1402 1038 flagi.

434 1051 487 1119 tiis
510 1050 612 1136 ipsius
637 1048 733 1113 habet
760 1045 956 1121 memoriam,
979 1058 1012 1111 et
1037 1046 1080 1111 de
1104 1046 1252 1115 bonitate
1275 1065 1398 1132 vestra,

435 1173 533 1240 quarn
548 1150 679 1236 impune
693 1145 830 1227 deludit,
844 1145 999 1230 nequitias
1014 1168 1082 1211 aute
1102 1169 1218 1214 nomen
1233 1150 1397 1239 imponit!

435 1252 501 1319 Hie
523 1263 582 1332 est,
596 1250 734 1327 domine,
748 1248 800 1312 his
822 1259 880 1323 est,
897 1246 954 1332 qui
977 1262 1122 1314 sanctum
1145 1252 1334 1339 episcopum
1357 1276 1397 1321 ea

432 1355 500 1421 sola
513 1355 635 1420 ratione
649 1350 864 1439 persequitur,
880 1350 958 1433 quia
977 1351 1165 1418 criminibus
1178 1355 1249 1440 ejus
1269 1356 1396 1443 episco-

434 1477 497 1542 pus
511 1454 709 1519 adversatur.
754 1452 862 1529 Quum
878 1450 1016 1515 videatis
1038 1451 1200 1539 iniquum,
1215 1457 1310 1543 eujus
1333 1460 1398 1523 cri-

436 1556 521 1622 mina
542 1555 710 1620 manifesta
733 1566 819 1629 suut,
842 1551 1056 1638 praecedentia
1077 1553 1118 1618 ad
1136 1554 1311 1640 judicium,
1326 1580 1396 1624 non

434 1659 559 1747 ponetis
588 1680 661 1722 cum
691 1680 729 1720 eo
758 1652 888 1719 malitiae
917 1657 1108 1739 portionem,
1138 1656 1210 1721 lioet
1240 1657 1295 1723 iile
1325 1682 1397 1742 vos,

433 1770 591 1844 quantum
612 1755 645 1819 in
669 1777 702 1819 se
725 1765 786 1830 est,
801 1751 941 1816 infamiae
965 1775 1032 1817 suae
1055 1753 1170 1819 reddat
1193 1757 1397 1845 participem.

436 1862 546 1935 Quum
562 1858 657 1934 enim,
673 1855 731 1919 etsi
743 1876 806 1919 nou
817 1852 974 1937 dejectus,
987 1877 1006 1918 a
1018 1855 1108 1920 vobis
1120 1857 1224 1923 redire
1235 1857 1398 1946 debuerit,

436 1965 486 2025 rel
500 1972 672 2033 correctus,
688 1956 773 2019 iacta
793 1968 868 2019 suut
893 1978 1018 2043 semper
1033 1958 1171 2024 hominis
1184 1959 1271 2025 illius
1285 1962 1398 2028 novis·

437 2062 516 2127 sima
535 2058 692 2126 deteriora
713 2056 882 2143 prioribus.
923 2062 1049 2138 Dicam,
1064 2072 1168 2147 pater,
1182 2061 1285 2127 dicam
1303 2066 1396 2151 quod

435 2184 574 2229 oonsona
598 2184 675 2224 voce
700 2159 842 2226 omnium
871 2160 958 2225 fama
987 2162 1199 2243 coucelebrat,
1222 2164 1279 2251 qui
1305 2165 1396 2233 huuc

437 2264 582 2342 dimittit,
593 2262 732 2350 justitiae
747 2259 894 2327 inimicus
912 2274 973 2343 est,
987 2274 1020 2327 et
1035 2262 1115 2328 vitio
1129 2287 1311 2343 cousensus,
1322 2268 1398 2353 jus-

436 2366 529 2446 titire,
541 2362 727 2442 honestatis,
738 2375 770 2428 et
781 2362 1016 2430 incontinentia
1027 2365 1222 2450 profanator.
1259 2367 1397 2455 Wigor·

437 2467 555 2532 niensis
569 2466 747 2555 episcopus,
762 2466 814 2531 cui
829 2466 994 2531 commissa
1008 2479 1055 2532 est
1071 2490 1167 2534 causa
1186 2471 1267 2558 ejus,
1282 2471 1318 2535 in
1338 2495 1396 2537 ex-

435 2569 581 2636 ecutione
595 2569 736 2635 mandati
747 2568 844 2635 vestri
860 2568 951 2657 piger
965 2580 1025 2647 est,
1036 2570 1069 2633 iu
1086 2570 1233 2657 proximo
1248 2571 1396 2640 Insulam

436 2694 628 2761 egressurus.
675 2673 803 2739 Placeat
820 2694 898 2758 ergo
917 2670 1009 2738 vobis
1029 2672 1059 2738 ei
1084 2674 1258 2763 subrogare
1283 2699 1397 2763 quem·

437 2796 577 2866 eumque
600 2777 764 2844 volueritis
785 2776 819 2840 in
843 2773 961 2862 Anglia
981 2773 1120 2862 justitias
1143 2791 1327 2862 amatorem,
1354 2793 1395 2846 ut

436 2904 532 2948 causa
545 2883 686 2970 episcopi
701 2880 896 2968 quandoque
911 2878 1055 2944 debitum
1071 2878 1165 2944 finem
1182 2882 1347 2948 sortiatur.

561 3134 801 3201 EPISTOLA
827 3134 1094 3202 XXVIII.-·sn
1110 3157 1262 3205 aurosus.

695 3253 835 3318 Domino
849 3253 957 3336 Popae
971 3255 1126 3321 Adriano.

484 3373 538 3437 Ao
552 3370 670 3437 ostium
691 3371 867 3457 majestatis
888 3384 1005 3438 veatrae
1020 3372 1147 3461 pulsare
1163 3376 1260 3440 toties
1275 3376 1392 3443 erube·

437 3497 567 3553 sacrem,
589 3472 652 3539 nisi
674 3474 829 3560 pudorem
853 3497 958 3540 meum
981 3488 1013 3541 et
1035 3475 1213 3541 devotionis
1232 3499 1311 3544 meae
1326 3480 1391 3545 siu·

436 3576 563 3656 ceritas,
585 3589 618 3642 et
638 3576 817 3643 eminentiae
841 3590 955 3645 vestroe
977 3577 1156 3664 benignitas
1178 3576 1343 3658 animaret,
1358 3595 1391 3647 et

437 3701 560 3757 eorum,
576 3677 694 3764 quibus
708 3676 797 3741 nulla
816 3679 940 3743 ratione
959 3678 1067 3742 deesse
1082 3700 1222 3764 possum,
1237 3680 1396 3748 instantia

437 3806 488 3849 me
496 3782 538 3848 ad
547 3780 750 3847 scribendum
759 3779 962 3866 compelleret
970 3779 1021 3845 vel
1029 3780 1176 3846 invitum.
1201 3780 1393 3848 Sanctorum

437 3886 591 3962 fratrum,
605 3883 686 3971 quid
701 3882 789 3969 apud
809 3884 1005 3948 Meritonam
1027 3881 1167 3947 Domino
1181 3881 1394 3963 famulantur,

437 3998 469 4048 et
484 3985 556 4049 luce
570 3987 725 4049 bonorum
748 4007 881 4070 operum
899 3984 1060 4049 illustrant
1082 3983 1221 4048 insulam.
1241 3997 1395 4065 nostram,

437 4085 659 4150 vexationibus
669 4096 700 4149 et
710 4085 835 4170 injuriis
850 4097 940 4151 tanto
956 4085 1056 4171 magis
1067 4086 1253 4172 compatior,
1270 4100 1394 4172 quanto

435 4185 554 4251 certius
568 4185 670 4249 habeo
691 4184 821 4249 eosdem·
835 4209 854 4250 a
869 4187 995 4252 laesione
1017 4192 1160 4254 omnium
1177 4189 1348 4268 abstinere,
1360 4203 1393 4256 et

438 4287 527 4374 quod
550 4286 698 4352 omuibus
721 4287 875 4353 insulanis
895 4301 998 4375 patet,
1018 4290 1150 4358 utilitati
1172 4290 1393 4381 proximorum

335 4441 337 4444 Α
439 4391 516 4457 totis
530 4389 651 4456 viribus
665 4388 824 4455 inservire.
869 4391 922 4457 Ad
932 4405 1070 4458 vestrum
1087 4417 1163 4481 ergo
1178 4394 1395 4482 apostolatum
