3667 5475
508 786 567 843 176
762 793 899 840 somnus
914 792 1196 840 sanusnnnrnusn
1365 771 1413 855 [A.
1432 793 1465 842 u.

506 962 615 1013 nostra
640 968 820 1033 processum
848 946 888 1011 sit
915 947 946 1009 in
977 968 1073 1011 causa
1101 945 1328 1009 monachorum
1358 946 1466 1009 sancti

506 1048 629 1114 Bertini
645 1070 740 1134 super
755 1047 887 1112 ecclesia
901 1047 941 1111 de
958 1046 1118 1112 Chilham.
1156 1046 1282 1111 Nobilis
1294 1046 1342 1109 vir
1357 1049 1466 1131 Hugo

505 1152 547 1217 de
568 1155 697 1216 Dovera
718 1174 737 1215 a
758 1151 851 1215 nobis
874 1174 914 1215 ex
938 1151 1088 1216 mandato
1109 1163 1215 1214 vestro
1236 1147 1465 1227 commonitus,

505 1267 542 1320 ut
571 1254 738 1342 praelatam
768 1253 930 1318 ecclesiam
961 1276 1033 1317 cum
1064 1252 1242 1317 ablatorum
1273 1251 1462 1338 integritate

504 1358 686 1423 restitueret
703 1356 875 1435 monachis,
890 1357 946 1442 qui
963 1379 995 1419 se
1015 1356 1056 1420 ab
1078 1378 1116 1418 eo
1133 1355 1284 1419 violenter
1307 1354 1461 1439 spoliatos

436 1505 455 1535 a
502 1484 569 1525 esse
588 1459 883 1545 conquerebantur:
906 1457 1069 1543 respondit
1088 1456 1132 1520 eis
1152 1456 1241 1520 nullo
1271 1458 1347 1541 jure
1369 1455 1464 1520 resti·

461 1714 476 1740 ι

505 1561 661 1625 tutionem
678 1571 866 1651 competere,
878 1580 979 1643 quum
997 1557 1129 1641 desdtui
1142 1579 1204 1620 non
1221 1556 1386 1640 potuerint
1402 1555 1460 1642 qui

506 1683 668 1747 nunquam
684 1660 810 1724 fuerant
832 1660 984 1725 instituti.
1029 1660 1254 1724 Detentionem
1277 1659 1304 1723 si
1326 1658 1458 1745 quidem

505 1785 611 1827 rerum
623 1761 787 1849 jamdictas
802 1762 953 1837 ecclesiae,
968 1784 1006 1825 ex
1024 1783 1089 1846 qua
1102 1761 1161 1824 niti
1178 1761 1379 1839 videbantur,
1395 1783 1458 1824 non

506 1866 576 1942 suo,
599 1863 653 1927 sed
677 1862 802 1926 nomine
828 1861 930 1924 alieno
955 1861 1105 1925 habuisse
1130 1859 1267 1939 dicebat,
1289 1860 1457 1947 cujusdam

506 1965 624 2030 scilicet
650 1963 783 2040 Odonis,
810 1985 905 2049 quem
937 1985 994 2026 nos
1019 1964 1080 2049 ipsi
1107 1964 1225 2028 scimus
1253 1979 1456 2029 memoratam

505 2066 666 2131 ecclesiam
683 2065 873 2149 possedisse:
905 2065 961 2128 sed
985 2064 1072 2152 quod
1096 2064 1124 2127 ei
1147 2065 1385 2143 renuntiaverit,
1400 2082 1457 2129 aut

506 2189 575 2231 eam
590 2166 643 2230 alii
658 2166 789 2231 cesserit
803 2165 931 2251 penitus
946 2165 1137 2251 ignoramus.
1177 2168 1308 2229 Certum
1325 2188 1457 2251 quoque

505 2268 660 2333 habemus
674 2266 929 2331 archidiaconum
951 2281 1104 2348 nostrum,
1121 2270 1177 2353 qui
1192 2290 1274 2333 nunc
1298 2281 1345 2332 est
1369 2268 1457 2331 Ebo-

506 2372 642 2435 racensis
656 2367 923 2455 archiepiscopus,
938 2370 1150 2456 appellatione
1173 2370 1361 2455 interposita
1385 2393 1459 2457 pro-

428 2481 431 2502 ¹
506 2472 658 2547 hibuisse,
672 2492 713 2534 ne
728 2470 873 2534 monachi
895 2472 992 2537 rebus
1011 2472 1098 2536 illius
1122 2471 1260 2536 ecclesiae
1282 2496 1315 2536 se
1335 2473 1457 2537 immis-

506 2586 622 2638 cerent.
660 2574 887 2648 Veruntamen,
899 2572 975 2658 quia
985 2573 1052 2637 dies
1064 2574 1139 2637 mali
1154 2587 1255 2649 erant,
1268 2588 1301 2638 et
1315 2573 1456 2638 famosus

506 2674 560 2740 ille
583 2688 750 2763 tyrannus,
770 2688 802 2739 et
827 2674 966 2739 ecclesiae
989 2687 1105 2740 nostrae
1125 2675 1331 2762 gravissimus
1353 2698 1457 2761 perse·

506 2791 627 2866 quutor
648 2779 829 2846 Willelmus
853 2778 893 2841 de
913 2781 1015 2863 Ypra‚
1035 2780 1087 2843 cui
1106 2778 1282 2864 jamdictus
1306 2778 1379 2843 Odo
1401 2777 1458 2843 ad-

505 2882 658 2956 haerebat,
675 2882 790 2947 nostris
804 2881 965 2967 capitibus
984 2881 1180 2959 imminebat,
1196 2905 1320 2945 necesse
1345 2882 1458 2946 habui-

505 3007 578 3048 mus
603 2983 811 3063 dissimulare,
832 2983 962 3069 quando
985 2984 1176 3068 patrimonio
1201 2983 1359 3049 Willelmi
1384 3006 1458 3048 con-

506 3098 628 3172 tempta
657 3086 868 3172 appellatione
898 3086 1045 3149 monachi
1075 3108 1123 3150 res
1150 3086 1282 3163 Odonis,
1308 3086 1365 3172 qui
1396 3086 1455 3150 sibi

505 3190 721 3276 prospiciebat
746 3193 778 3252 in
808 3203 982 3273 posterum,
1010 3189 1135 3252 nomine
1165 3190 1234 3276 ejus
1260 3203 1457 3254 contrectare

505 3304 682 3374 coeperunt.
720 3291 879 3352 Praeterea
893 3290 988 3354 etiarn
1006 3290 1031 3353 si
1046 3305 1203 3356 constaret
1217 3294 1386 3355 monachos
1398 3315 1456 3357 suo

504 3391 631 3455 nomine
660 3390 846 3475 possedisse,
878 3391 1063 3475 petitionem
1095 3415 1203 3458 eorum
1235 3393 1454 3467 submovebat,

504 3491 613 3556 dicens
627 3514 681 3555 eos
695 3493 882 3578 possessioni
905 3507 937 3558 et
961 3493 1011 3558 liti
1034 3496 1239 3570 renuntiasse,
1256 3493 1385 3580 quando
1410 3497 1455 3558 eis

506 3594 630 3658 fructus
657 3594 794 3658 ecclesiae
818 3610 979 3680 asportare
1003 3596 1159 3681 permisit,
1182 3597 1316 3660 offerens
1339 3620 1371 3660 se
1394 3598 1453 3660 hoc

505 3696 766 3762 sufficientissime
792 3699 1012 3783 probaturum.
1058 3700 1165 3776 Quum
1192 3720 1269 3782 ergo
1296 3698 1385 3764 miles
1408 3702 1454 3762 in-

504 3813 614 3876 staret,
631 3813 667 3865 ut
688 3801 834 3864 monachi
856 3822 945 3864 suam
968 3800 1140 3864 fundarent
1163 3801 1382 3877 intentionem,
1398 3814 1454 3864 aut

503 3901 694 3987 exceptionis
716 3905 785 3988 ejus
807 3903 1032 3968 admitteretur
1054 3904 1212 3989 probati0,
1234 3903 1377 3966 monachi
1401 3902 1453 3965 de·
1524 3956 1526 3961 .

503 4002 656 4065 clinantes
678 4003 858 4067 conflictum
882 4027 914 4067 se
937 4005 1017 4068 citra
1042 4004 1254 4089 cognitionem
1280 4026 1383 4067 causae
1407 4026 1454 4066 re-

503 4102 593 4167 stitui
607 4102 833 4186 postulabant.¹
861 4106 912 4169 Ad
928 4105 994 4170 haec
1006 4106 1095 4168 miles
1107 4119 1243 4168 vestram
1257 4105 1451 4190 majestatem

501 4224 564 4267 non
580 4202 776 4287 praecepisse,
793 4218 829 4268 ut
845 4204 891 4267 illi
906 4209 1158 4281 instituerentur,
1175 4205 1230 4270 sed
1251 4206 1454 4270 restitueren-

502 4317 567 4382 tur,
583 4316 616 4368 et
638 4325 677 4367 ex
694 4304 791 4367 verbo
813 4306 1034 4383 restitutionis,
1050 4308 1119 4371 aliis
1142 4332 1217 4394 quae
1239 4308 1270 4371 in
1295 4329 1382 4370 sacro
1405 4329 1453 4369 re-

502 4407 620 4493 scripto
635 4419 740 4473 vestro
751 4406 1004 4483 continebantur,
1016 4431 1120 4474 causae
1135 4411 1346 4494 cognitionem
1362 4409 1453 4472 nobis
