3667 5475
431 743 495 803 tao
690 755 826 802 rosuurs
841 756 1115 803 ssassnnnrnusn
1292 743 1339 822 [a
1356 761 1392 805 n.

433 929 497 994 que
512 906 630 991 aliquo,
647 907 755 970 silleri
772 919 889 992 potest,
905 906 1050 972 relevetis
1069 906 1193 973 solatio.
1238 911 1303 975 Pro
1317 909 1392 995 ipso

431 1008 515 1072 enim
547 1008 692 1095 spondeo
720 1010 928 1085 confidenter,
959 1010 1037 1096 quia
1066 1008 1244 1074 claustrum
1281 1026 1392 1076 servat

429 1106 560 1188 invitus,
574 1122 605 1174 et
621 1109 785 1196 sicutipse
799 1110 876 1174 mihi
892 1110 1030 1196 scripsit,
1045 1110 1089 1174 sic
1110 1110 1229 1175 credit:
1253 1110 1306 1175 bis
1325 1113 1386 1198 qui

431 1230 464 1271 se
492 1210 688 1275 obedientias
716 1223 916 1276 contemnere
950 1210 1142 1293 gloriantur,
1171 1211 1254 1277 siout
1290 1213 1394 1301 lupus

432 1309 619 1399 adquiescit.

693 1574 915 1639 EPISTOLA
940 1574 1125 1639 LXXXVl.

475 1705 584 1770 Rsrro
598 1703 806 1769 humanitatis
820 1703 930 1789 exigit,
945 1716 982 1769 ut
997 1705 1143 1769 veritatis
1157 1716 1281 1770 amator
1296 1708 1392 1772 testi-

434 1807 575 1872 monium
604 1808 770 1895 perhibeat
800 1808 936 1882 ceritati,
974 1806 1151 1892 praesertim
1182 1807 1239 1872 ubi
1269 1809 1392 1875 veritas

432 1909 641 1995 periclitatur.
687 1909 769 1973 Inde
790 1908 945 1994 estquod
968 1931 1096 1973 causam
1116 1908 1228 1973 latoris
1247 1933 1387 1997 praesen-

376 2013 380 2018 ’
433 2012 527 2091 tium,
538 2023 696 2097 qnatenus
711 2011 741 2074 in
759 2010 917 2076 auditorio
929 2024 1035 2076 nostro
1051 2011 1203 2076 ventilata
1214 2023 1274 2092 est,
1289 2025 1388 2098 prout

433 2112 527 2176 series
536 2115 607 2198 ejus
616 2114 647 2175 in
661 2113 784 2177 scriniis
793 2115 909 2176 nostris
921 2112 1107 2198 diligentius
1117 2114 1269 2198 inquisita
1279 2116 1387 2200 potuit

435 2214 580 2292 inveniri,
604 2213 774 2279 transferre
796 2217 980 2279 curavimus
1000 2215 1041 2278 ad
1064 2215 1209 2280 notitiam
1236 2230 1392 2294 vestram,

434 2316 490 2399 qui
516 2338 585 2379 eam
614 2338 654 2379 ex
677 2314 828 2379 mandato
852 2315 1027 2402 apostolico
1054 2315 1179 2381 debetis
1208 2317 1389 2384 terminare.

435 2420 570 2482 Constat
586 2418 696 2504 itaque
710 2418 796 2502 quod
813 2440 870 2481 nos
891 2432 1026 2503 urgente
1042 2418 1192 2483 mandato
1205 2416 1306 2483 felicis
1320 2442 1387 2483 me-

432 2517 541 2605 moriae
558 2518 697 2603 Eugenii
712 2539 816 2604 papae,
833 2518 1039 2604 jamdictum
1057 2521 1102 2583 HL
1111 2518 1152 2583 de
1166 2518 1388 2585 Hameledona

432 2620 474 2684 ab
488 2620 575 2682 omni
596 2619 800 2705 obligatione,
821 2644 894 2705 quae
909 2620 951 2683 ab
970 2644 1010 2683 eo
1024 2632 1150 2685 extorta
1163 2622 1280 2698 suerat,
1298 2635 1330 2686 et
1345 2646 1387 2687 ex

432 2745 497 2810 qua
508 2721 678 2787 venerabili
691 2722 782 2787 fratri
790 2734 895 2786 vestro
906 2719 1118 2787 Wintoniensi
1127 2721 1275 2813 episcopo
1284 2724 1388 2789 teneri

431 2825 612 2903 videbatur,
636 2824 836 2890 absolvimus.
882 2824 932 2888 Ut
955 2846 1031 2909 ergo
1054 2816 1264 2889 absolutionis
1288 2825 1392 2913 hujus

433 2929 516 2992 ratio
538 2927 721 2993 discretioni
747 2940 861 2991 vestras
881 2924 1020 2990 lucidius
1048 2925 1237 3004 innotescat,
1263 2927 1392 2994 litteras

433 3029 622 3115 apostolicas
653 3030 743 3093 vobis
772 3027 908 3093 exscribi
939 3026 1153 3113 praecipimus.
1196 3028 1249 3092 Sic
1278 3028 1390 3117 itaque

433 3131 586 3218 scriptum
610 3144 657 3195 est
677 3129 808 3193 domino
827 3128 1042 3193 Winton'rensi
1065 3150 1124 3214 pro
1147 3132 1194 3194 H.
1208 3127 1325 3200 clerico
1347 3134 1392 3198 de-

435 3232 659 3296 Hsmeledona.
704 3232 809 3294 Juxta
823 3230 951 3295 Osberti
965 3228 1070 3294 clerici
1085 3229 1133 3293 tui
1149 3234 1390 3316 suggestionem

430 3334 622 3398 fraternitati
635 3346 701 3397 tnae
711 3355 768 3396 nos
780 3333 941 3419 scripsisse
953 3333 1168 3410 meminimuS,
1180 3336 1387 3421 postmodum

432 3458 508 3499 vero
521 3434 606 3499 idem
629 3435 789 3499 Osbertus
806 3437 840 3500 in
861 3437 1032 3521 praesentia
1052 3448 1162 3526 nostra
1184 3459 1280 3524 super
1300 3460 1392 3502 men-

432 3536 523 3602 dacio
537 3551 568 3602 et
583 3537 666 3602 falsa
688 3537 891 3623 suggestione
912 3562 970 3602 sua
991 3539 1173 3604 confutatus
1195 3553 1292 3626 atque
1315 3565 1390 3605 con·
1468 3556 1474 3566 ¹

432 3638 535 3704 victus
544 3639 663 3718 extitit,
672 3641 822 3728 quoniam
835 3640 1008 3727 praedictus
1019 3642 1063 3705 H.
1074 3643 1390 3726 nequecumamicis,
1491 3695 1494 3700 .

432 3764 535 3830 neque
551 3766 623 3806 cum
636 3742 747 3827 rapina
761 3742 908 3806 inventus
921 3741 969 3805 vel
984 3754 1098 3827 captus
1113 3741 1186 3806 fuit.
1231 3744 1389 3821 Quocirca

431 3843 504 3909 licet
520 3845 601 3911 sicut
614 3843 758 3909 homines
770 3842 874 3929 decipi
889 3843 1079 3928 quandoque
1091 3863 1268 3927 possumus,
1281 3856 1388 3910 tamen

434 3959 471 4009 ut
491 3947 654 4010 occasione
676 3946 853 4010 litterarum
876 3960 1055 4009 nostrarum
1080 3945 1241 4009 Henricus
1255 3944 1324 4032 ipse
1339 3947 1390 4012 in·

427 4047 516 4130 juste
538 4059 703 4125 tractetur,
725 4046 774 4110 vel
798 4045 1037 4122 condamnetur,
1060 4069 1117 4110 nec
1144 4047 1304 4124 volumus,
1327 4072 1389 4114 uec

431 4143 501 4230 pati
531 4143 693 4206 debemus.
738 4145 879 4230 ideoque
909 4169 966 4230 per
988 4147 1156 4231 praesentia
1179 4147 1236 4212 tibi
1268 4149 1388 4234 scripta

433 4244 620 4307 ntandamus
634 4258 730 4327 atque
747 4242 960 4329 praecipimus,
973 4248 1059 4331 quod
1075 4249 1160 4311 omni
1176 4249 1338 4312 occasione
1354 4263 1389 4313 et

435 4344 584 4416 dilatione
601 4357 731 4424 remota,
742 4343 874 4408 cundem
893 4349 938 4409 H.
954 4349 1110 4414 restitutis
1126 4350 1285 4430 omnibus,
1296 4374 1389 4436 quae-
