3667 5475
403 712 446 770 64
659 715 794 761 solatus
810 714 1087 760 saunsaenrausrs
1188 679 1199 692 ’
1272 703 1320 783 μ,
1337 695 1378 784 »ξι

405 891 608 961 nequaquam
623 869 718 933 times
738 866 797 931 tibi
811 876 869 928 ant
889 862 1020 929 exilium
1036 864 1221 945 imminere,
1235 880 1297 935 aut
1313 893 1372 937 ne·

404 975 583 1041 cessitatem
609 969 768 1089 piacplare
798 966 954 1051 flagitium
980 969 1216 1034 committendi.
1264 974 1371 1059 Degia

405 1078 492 1144 enim
514 1075 574 1141 sub
595 1072 750 1161 principe,
763 1071 854 1157 cujus
875 1070 1030 1133 memoria
1050 1069 1083 1133 in
1101 1071 1313 1156 jucunditate
1335 1090 1372 1141 et

404 1177 628 1245 benedictione
650 1187 707 1239 est
734 1174 802 1238 Noe
808 1181 926 1264 ιιιιιιιι
945 1171 1097 1262 timemus
1084 1195 1235 1270 supra
1229 1176 1369 1264 modum

402 1306 447 1372 ιιι
445 1279 666 1370 Teutonicus
669 1277 863 1367 stultam?
887 1274 1117 1341 circumveniat
1139 1255 1375 1372 imudulenflis

405 1386 480 1481 ιιιίι,
499 1397 533 1450 et
557 1383 720 1470 subvertat
743 1377 947 1443 serenitatem
972 1376 1175 1468 principis
1150 1380 1263 1461 nostri,
1282 1363 1369 1447 mihi

310 1533 312 1540 ·
340 1541 347 1556 .
403 1502 471 1555 tam
413 1509 598 1582 parum
612 1465 739 1550 videtur
751 1480 871 1546 habere
884 1479 1093 1558 discretionis,
1108 1502 1224 1570 quem
1223 1505 1369 1549 conven-

1230 1554 1391 1601 -ι,.α--“*ἱ-,ἱ

296 1575 299 1582 ’
404 1589 495 1657 ticuli
511 1585 675 1674 Papiensia
690 1580 896 1671 praesumptio
910 1594 1028 1657 movet,
1043 1582 1103 1645 nisi
1118 1594 1155 1646 ut
1170 1582 1367 1665 Alexandri,

405 1692 516 1781 siquis
533 1691 575 1755 de
589 1711 629 1753 ea
648 1686 784 1760 dubitet,
799 1682 924 1763 electio,
939 1683 1035 1746 etiam
1054 1683 1152 1769 pertis
1165 1683 1368 1751 adversantis

404 1792 588 1861 testimonio
612 1789 788 1882 robpretnr.
836 1785 885 1848 Ut
912 1783 1000 1850 enim
1030 1785 1247 1851 temeritatem
1276 1787 1366 1855 illius

404 1907 604 1981 praeteream,
633 1886 689 1975 qui
726 1886 906 1950 Romanam
940 1886 1119 1964 ecclesiam,
1153 1909 1230 1974 quea
1265 1890 1367 1958 solius

404 1992 537 2059 Domini
558 1999 735 2054 reservatur
755 1984 904 2064 examini,
923 1986 1070 2073 judicare
1090 1990 1310 2076 presumpsit,
1332 2002 1367 2058 et

406 2117 482 2161 eum
506 2092 562 2180 qui
584 2090 687 2154 luerat
709 2091 1014 2173 excommunicatus,
1037 2092 1120 2158 sicut
1144 2093 1362 2162 cardinalium

384 2196 523 2263 ¹indicat
539 2191 739 2258 inhonoratio
760 2191 938 2273 Bisuntina‚
953 2194 1059 2259 edicto
1077 2196 1297 2281 peremptorio
1319 2197 1367 2263 ci-

402 2296 483 2364 tavit
502 2292 730 2380 adjudicium,
751 2305 785 2358 et
806 2294 1014 2381 praejudicinli
1040 2297 1199 2363 sententia
1220 2298 1365 2366 alterum

402 2398 519 2467 veteris
539 2396 643 2474 officii,
662 2409 696 2461 et
716 2396 880 2482 dignitatis
899 2398 1040 2479 nomine,
1057 2399 1194 2465 altarum
1215 2402 1365 2487 appella·

401 2501 488 2567 tione
501 2499 639 2566 Romam
648 2500 808 2586 pontificis
817 2500 976 2578 ιιιΙιιιιιιιι,
987 2502 1185 2568 senetonbus
1194 2517 1230 2568 et
1241 2505 1364 2591 populo
1397 2554 1402 2564 .

401 2604 517 2671 favoris
530 2604 578 2669 sui
600 2604 743 2669 revelans
756 2625 889 2668 arcana.
916 2604 1073 2692 quidquid
1092 2605 1201 2692 Papiae
1217 2620 1360 2691 gestum,

401 2721 450 2777 eet
468 2720 534 2775 tam
555 2707 710 2797 aequitati,
726 2729 823 2796 quam
845 2707 997 2794 legitimis
1018 2709 1309 2791 constitutionibus,
1326 2724 1362 2778 et

400 2813 615 2881 sanctionibus
630 2822 756 2899 patrum
771 2812 933 2876 invenitur
947 2812 1124 2878 adversum.
1155 2813 1288 2900 Quippe
1302 2816 1362 2881 ab·

401 2928 507 2983 sentes
525 2915 729 2981 condemnati
750 2927 834 2996 sunt,
849 2927 882 2979 et
904 2916 938 2978 in
960 2937 1055 2980 causa
1075 2938 1139 2980 non
1161 2917 1357 2998 examinata,

399 3022 466 3085 imo
481 3018 659 3104 potiusnon
674 3016 730 3093 ibi,
743 3039 806 3080 non
822 3016 877 3094 sic,
890 3041 985 3082 nona
1000 3018 1118 3083 talibus
1131 3019 1356 3099 examinanda,

400 3122 655 3209 impudenter,et
663 3119 891 3204 imprudenter,
902 3132 936 3186 et
944 3121 1091 3209 nequiter
1099 3123 1357 3210 estpraecipitata

399 3223 567 3297 sententia.

444 3325 509 3394 Sed
535 3324 615 3389 iorte
641 3326 844 3392 absentantes
868 3351 964 3416 quarn
990 3329 1137 3395 absentes
1162 3327 1267 3414 potius
1289 3329 1355 3397 dici

398 3429 513 3517 placet.
537 3432 612 3494 Hoc
633 3428 727 3515 plane
749 3428 797 3494 his
819 3431 874 3518 qui
890 3444 1009 3497 sanctae
1032 3431 1188 3495 Romanae
1208 3431 1354 3498 ecclesiae

397 3527 597 3619 privilegium
607 3532 829 3617 autignorant,
838 3531 1114 3598 antdissimulant.
1129 3530 1354 3600 Universalem

398 3632 565 3700 eeclesiam
581 3633 652 3720 quis
673 3634 871 3721 particularis
885 3634 1029 3700 ecclesiae
1052 3634 1188 3720 subjecit
1204 3635 1353 3719 judicio?

397 3737 469 3826 quis
477 3734 666 3802 Teutonicos
676 3736 840 3809 constituit
843 3735 970 3822 judices
980 3737 1166 3803 nationum?
1180 3737 1261 3815 Quis
1270 3738 1356 3806 hanc

398 3840 499 3904 brutis
513 3851 547 3904 et
565 3838 749 3924 impetuosis
765 3837 948 3903 hominibus
967 3839 1188 3905 auctoritatem
1204 3841 1353 3921 contulit,

397 3953 434 4004 ut
445 3962 502 4025 pro
512 3939 641 4004 arbitrio
652 3940 830 4026 principem
841 3951 982 4006 statuant
992 3964 1088 4027 super
1098 3942 1353 4029 capitaliliorum

398 4039 588 4105 hominum?
617 4044 663 4105 Et
684 4041 816 4127 quidem
842 4042 902 4107 hoc
928 4043 1015 4109 furor
1039 4066 1150 4109 eorum
1175 4046 1353 4136 saepissime

397 4141 575 4217 attentavit,
597 4142 654 4206 aed
674 4153 803 4207 auctore
824 4144 965 4210 Domino
984 4147 1100 4213 totiens
1122 4160 1296 4234 prostratus
1316 4162 1351 4216 et

396 4241 545 4308 confusus
559 4266 654 4330 super
672 4243 840 4331 iniquitate
855 4270 912 4313 sua
933 4251 1071 4316 erubuit.
1105 4250 1171 4319 Sed
1189 4251 1254 4316 scio
1269 4252 1350 4339 quid

396 4347 595 4414 Teutonicus
609 4347 766 4416 moliatur.
801 4349 898 4417 Eram
914 4353 1002 4419 enim
1020 4355 1144 4435 Romae,
1157 4353 1351 4440 praesidente
