3667 5475
442 745 507 807 240
702 755 840 803 scaurus
856 755 1140 804 sannsnnamusm
1306 741 1352 824 [A.
1368 762 1398 809 n.

443 912 550 976 nullus
560 907 683 976 auferre
699 921 823 995 potest:
848 909 888 974 ad
899 911 962 976 hoc
977 912 1065 975 nulla
1079 912 1228 995 proficiet
1238 912 1400 993 violentia,

443 1012 604 1097 totiusque
618 1012 837 1076 fraudulentia
852 1023 988 1076 conatus
1004 1013 1221 1093 evacuabitur,
1237 1016 1288 1077 Eo
1302 1016 1399 1079 mise·

442 1112 607 1176 ricorditer
626 1113 780 1194 largiente
805 1113 994 1196 profectum,
1017 1112 1074 1195 qui
1097 1114 1233 1195 gratuita
1253 1115 1398 1181 bonitate

444 1210 583 1278 caritatis
595 1214 686 1278 dedit
696 1215 831 1278 initium.
869 1214 943 1277 Erit
954 1215 1064 1298 itaque
1079 1215 1276 1297 dignationis
1288 1226 1398 1281 vestra

443 1317 641 1399 naufragium
651 1316 823 1394 Ecclesiae,
832 1327 864 1381 et
875 1318 1008 1379 exulum
1021 1316 1140 1380 Christi
1153 1316 1396 1396 sollicitudines,

442 1429 476 1482 et
496 1419 631 1495 labores,
647 1417 771 1492 vestris,
787 1427 819 1481 et
840 1430 1021 1482 sanctorum
1043 1418 1099 1502 qui
1122 1419 1289 1482 vobiscum
1313 1431 1396 1497 sunt,

441 1519 637 1583 orationibus
652 1521 834 1582 sublevare:
857 1529 893 1582 ut
907 1519 1035 1602 quinos
1050 1520 1220 1582 tentationi
1235 1521 1394 1604 exposuit,

440 1634 473 1685 et
494 1642 552 1706 pro
576 1642 610 1684 sa
635 1620 780 1705 patiendi
802 1619 938 1683 contulit
959 1620 1112 1697 animum,
1133 1622 1302 1704 patientias
1327 1643 1395 1705 per-

440 1723 649 1788 severantiam
675 1721 836 1804 largiatur,
861 1722 946 1784 Haeo
970 1728 1027 1796 est,
1049 1723 1146 1798 enim,
1169 1725 1293 1804 pretio,
1316 1725 1396 1789 sicut

439 1824 553 1888 Petrus
570 1823 721 1907 loquitur,
737 1832 773 1886 ut
788 1822 908 1886 Christi
931 1832 963 1886 et
985 1836 1165 1885 sanctorum
1189 1824 1392 1906 passionibus

438 1926 550 1989 saltem
573 1926 776 2009 aliquatenus
799 1924 1085 2000 communicemus,
1100 1924 1177 1987 certi
1201 1924 1291 2007 quod
1306 1945 1389 1987 com·

437 2027 595 2109 patientes
623 2035 655 2088 et
685 2026 937 2107 conregnabunt.
984 2024 1151 2107 Numquid
1177 2026 1261 2088 enim
1290 2028 1391 2091 clerus

438 2128 599 2191 institutus
621 2138 672 2189 est
693 2137 729 2189 ut
750 2125 934 2203 comedens,
949 2125 1072 2200 bibens,
1095 2135 1242 2201 stertens,
1260 2138 1390 2191 mortem

438 2237 597 2308 expectat,
621 2235 654 2289 et
682 2227 774 2288 variis
802 2226 938 2288 luxuriae
968 2224 1185 2288 incitamentis
1214 2226 1392 2291 inflammet

438 2323 640 2406 gehennam?
671 2324 770 2388 Ridet
783 2324 826 2388 ad
840 2325 910 2389 haec
927 2325 1098 2410 prudentia
1112 2326 1228 2403 carnis,
1244 2338 1277 2390 et
1298 2327 1392 2411 perfi-

438 2427 550 2491 domm
565 2428 698 2492 vocibus
712 2429 733 2491 J
734 2426 897 2490 udaeorum
911 2428 1054 2502 insultat,
1066 2436 1098 2488 et
1112 2427 1276 2490 maledicit
1291 2429 1323 2491 ei
1337 2429 1393 2513 qui

437 2550 510 2593 curn
526 2528 655 2594 Christo
670 2528 789 2612 pendet
803 2528 837 2590 in
852 2528 959 2609 ligno:
983 2526 1040 2590 sed
1055 2526 1192 2605 interim,
1203 2527 1301 2612 juxta
1316 2530 1394 2594 vati-

437 2631 557 2695 cinium
574 2632 726 2707 Deborae,
739 2650 823 2692 noua
845 2628 926 2690 bello
941 2628 1083 2709 disponit
1097 2626 1271 2707 Dominus,
1281 2636 1396 2710 portas

437 2734 577 2797 matium
593 2734 662 2814 ipae
675 2731 841 2796 rumore.

459 3004 680 3068 EPISTOLA
703 3006 878 3070 CLL—au
893 3020 1067 3064 urconauu
1085 3021 1127 3064 on
1145 3021 1262 3066 Mourn
1280 3023 1306 3066 s.
1324 3024 1360 3067 n.

798 3106 843 3184 [a.
862 3124 892 3166 u.
911 3103 1020 3182 1166.]

694 3238 830 3300 Nicolao
851 3239 891 3301 de
905 3237 1019 3300 Monte
1033 3238 1070 3302 S.
1086 3238 1133 3300 H.

477 3353 588 3412 Novrr
603 3351 782 3413 fraternitas
793 3361 848 3415 tna
864 3374 960 3436 quam
975 3353 1133 3434 patienter
1148 3354 1395 3418 sustinuerimus

434 3451 561 3527 damna,
573 3450 704 3535 injurias
720 3461 753 3515 et
767 3454 980 3516 contumelias
995 3454 1091 3516 nobis
1107 3465 1139 3515 et
1153 3454 1270 3515 nostris
1286 3455 1393 3518 illatas

434 3576 454 3617 a
474 3554 680 3617 dilectissimo
704 3554 836 3616 domino
851 3563 961 3617 nostro
976 3555 1089 3618 illustri
1113 3575 1187 3634 rege
1203 3555 1391 3635 Anglorum.

434 3653 509 3740 Ipse
530 3666 636 3719 autern
660 3657 779 3719 abusus
803 3654 957 3739 patientia
982 3665 1091 3718 nostra
1114 3654 1156 3717 ad
1180 3656 1392 3719 sanctissimae

432 3759 541 3821 matris
556 3779 621 3821 suae
646 3757 790 3841 prorupit
804 3753 948 3840 injurias
966 3777 1115 3838 sponsam
1131 3755 1293 3838 loquimur
1309 3755 1392 3819 Cru-

432 3860 534 3940 cifixi,
558 3872 589 3925 et
612 3860 700 3923 illam
725 3881 790 3922 non
815 3870 862 3922 est
882 3859 1001 3920 veritus
1026 3859 1188 3932 ancillare,
1214 3878 1271 3940 pro
1295 3856 1390 3940 cujus

430 3961 617 4024 liberatione
656 3961 757 4024 Filius
787 3960 853 4022 Dei
882 3960 1044 4022 Dominus
1073 3969 1173 4021 morte
1203 3957 1391 4041 turpissima

431 4060 530 4121 voluit
553 4061 769 4123 condemnari.
816 4059 1003 4123 Monuimus
1027 4082 1099 4123 eum
1125 4061 1242 4143 saepius
1266 4061 1388 4123 affectu

431 4159 542 4241 patris,
552 4159 615 4222 fide
629 4161 770 4223 Domino
783 4161 893 4224 debita
904 4161 1167 4244 supplicavimus,
1177 4160 1391 4242 corripuimus

430 4259 616 4323 auctoritate
643 4263 797 4344 pastoris:
828 4263 896 4345 ipse
921 4272 1027 4325 autem
1054 4263 1088 4325 in
1114 4282 1252 4346 persona
1278 4272 1391 4324 nostra

430 4366 551 4441 patrem
567 4379 659 4421 suum
674 4358 784 4421 itidem
802 4357 930 4422 fidelem
947 4361 1149 4443 contempsit,
1166 4369 1198 4421 et
1213 4369 1389 4440 pastorem,
