3667 5475
537 772 600 829 324
781 779 918 826 roannrs
937 778 1215 823 sannsnnnrnrrsrs
1399 760 1445 839 [A.
1461 778 1491 825 n.

538 958 647 1000 nonne
668 935 897 1019 philosophum
920 932 1082 995 doctorem
1103 932 1293 1009 honestatis,
1309 954 1492 1015 praeconem

540 1037 698 1120 evangelii
712 1036 860 1119 pudebit,
876 1036 903 1098 si
915 1057 935 1097 a
946 1034 1109 1097 mundana
1124 1035 1318 1117 supellectili
1330 1036 1491 1119 opprima-

538 1150 599 1215 tur,
615 1159 710 1221 quem
720 1138 848 1218 gentilis
862 1147 959 1219 poeta
972 1134 1184 1219 contempsit?
1217 1137 1320 1220 Spero
1336 1148 1445 1199 autem
1459 1137 1492 1199 in

539 1240 692 1313 Domino,
701 1236 787 1319 quod
803 1235 965 1298 devotioni
982 1247 1091 1298 restrae
1108 1235 1199 1299 dabit
1210 1238 1493 1321 opportunitatem,

539 1352 575 1403 ut
589 1340 640 1401 vel
655 1338 689 1400 in
705 1337 849 1401 consiliis
864 1349 895 1400 et
909 1337 943 1398 in
959 1337 1231 1419 inquisitionibus,
1240 1340 1292 1401 vel
1307 1340 1371 1401 alio
1386 1337 1492 1415 modo,

539 1448 636 1524 prout
649 1439 803 1522 expedire
815 1438 915 1511 novit,
927 1439 1057 1520 possitis
1073 1460 1146 1501 curn
1161 1438 1373 1503 indemnitate
1381 1449 1489 1517 vestra,

539 1543 572 1605 in
589 1542 718 1605 auribus
737 1539 931 1623 principum,
946 1539 987 1601 ad
1004 1551 1140 1603 vestram
1157 1552 1189 1604 et
1203 1542 1331 1604 illorum
1348 1544 1491 1619 salutem,

540 1665 597 1728 pro
620 1643 750 1706 veritate
772 1641 878 1703 facere
901 1642 1044 1717 verbum,
1067 1653 1099 1704 et
1125 1643 1254 1724 spiritns
1277 1644 1378 1725 patris
1398 1645 1491 1706 vestri

539 1744 739 1829 promovebit
763 1742 854 1805 illud.
898 1743 969 1803 Nec
995 1743 1133 1806 retardet
1151 1765 1219 1823 vos,
1245 1744 1331 1806 siin
1356 1745 1500 1808 ecclesia·

540 1846 688 1909 Romana
696 1842 812 1906 videtis
827 1838 948 1926 aliquid
959 1841 1220 1924 reprehensibile,
1232 1844 1289 1926 qui
1304 1844 1493 1907 meministis

540 1948 575 2009 in
602 1945 767 2027 evangelio
790 1942 973 2005 mandatum
995 1964 1065 2006 esse
1088 1943 1249 2019 fidelibus,
1272 1957 1308 2008 nt
1331 1967 1398 2008 non
1423 1944 1492 2008 irni-

540 2060 647 2111 tentur
661 2067 757 2130 opera
779 2044 957 2108 sedentium
980 2044 1014 2105 in
1037 2045 1189 2107 cathedra
1206 2048 1328 2129 Moysi,
1343 2046 1401 2110 sed
1417 2046 1490 2109 doc-

539 2150 655 2211 trinam
685 2168 796 2210 eorum
825 2146 975 2229 operibus
1006 2147 1170 2230 impleant.
1215 2150 1340 2234 Valete,
1369 2157 1401 2211 et
1430 2148 1491 2210 mei

541 2270 665 2330 semper·
679 2247 828 2309 memoris
844 2246 949 2323 vestri,
965 2269 1061 2330 quam
1076 2249 1213 2311 amicum
1228 2249 1335 2329 decet,
1350 2250 1493 2313 habeatis

542 2370 737 2412 memorram.

544 2662 765 2727 EPISTOLA
788 2662 1094 2725 CLXXXVl.—ao
1109 2682 1268 2729 ranlrnrr
1284 2683 1312 2727 s
1327 2683 1493 2729 annuum.

910 2765 954 2844 [A.
966 2785 997 2828 n.
1017 2766 1127 2846 nau]

593 2921 711 2985 Abbati
725 2923 831 2984 sancti
846 2922 1020 2985 Edmurrdi
1033 2924 1180 2988 Jounrres
1194 2925 1233 2987 de
1249 2926 1447 2989 Suresheria.

587 3060 792 3122 CICERONEM
816 3059 850 3119 in
880 3058 1016 3139 epistola
1045 3059 1085 3121 ad
1111 3060 1301 3151 Marcellum
1331 3063 1496 3145 scripsisse

542 3160 682 3235 memini,
706 3159 782 3242 quia
805 3160 959 3242 sapientis
984 3160 1109 3243 judicio
1134 3162 1225 3223 refert
1247 3162 1419 3244 plurimum
1444 3165 1496 3226 oui

543 3261 615 3343 quis
641 3260 807 3338 obligetur,
834 3273 865 3322 et
890 3261 1017 3322 honesti
1042 3260 1100 3321 viri
1126 3273 1336 3344 praegravatur
1359 3265 1498 3342 animuS,

544 3360 691 3442 quotiens
708 3381 792 3434 eum,
805 3372 859 3422 aut
873 3362 917 3422 rei
929 3362 1090 3424 familiaris
1106 3364 1263 3443 angustia,
1275 3374 1328 3426 aut
1339 3366 1497 3430 articulus

543 3461 696 3543 temporis
715 3460 761 3523 illi
787 3463 955 3525 coustituit
975 3462 1159 3542 debitorem,
1175 3488 1270 3549 quem
1287 3468 1364 3530 ratio
1378 3467 1496 3532 hones-

543 3563 618 3626 tatis
638 3574 693 3626 aut
715 3585 836 3626 morum
860 3565 970 3628 titulus
992 3566 1055 3630 coli
1078 3567 1236 3649 prohibet,
1251 3579 1282 3630 ot
1297 3570 1404 3632 amari.
1453 3573 1497 3633 Et

543 3666 605 3728 hoc
630 3665 771 3747 quidem,
799 3679 833 3728 ut
856 3668 997 3743 arbitror,
1024 3669 1193 3748 eleganter,
1218 3681 1250 3731 et
1276 3691 1349 3733 vere
1374 3671 1496 3735 dictum

541 3783 601 3845 est,
616 3768 705 3850 quod
727 3768 754 3829 si
775 3768 913 3830 fideliter·
935 3768 1136 3846 exaudiatur,
1156 3791 1215 3834 nec
1236 3792 1256 3833 a
1275 3784 1395 3835 naturae
1419 3795 1497 3837 con·

542 3869 681 3930 sortibus
708 3869 870 3930 vinculum
901 3867 1059 3931 subtrahit
1089 3869 1239 3942 caritatis
1265 3891 1325 3934 nec
1353 3884 1495 3935 contem-

541 3969 681 4049 platione
697 3970 849 4032 naturalis
869 3970 1033 4042 consortii,
1050 3970 1163 4032 erroris
1183 3992 1312 4057 quoque
1327 3974 1499 4057 participa-

541 4067 627 4128 tione
653 4070 837 4133 consederat
862 4072 1007 4133 moribus
1036 4069 1238 4134 dissidentes.
1284 4074 1373 4134 Bene
1399 4073 1498 4154 igitur

541 4188 613 4230 cum
629 4167 679 4229 his
695 4172 809 4250 agitur,
820 4175 874 4255 qui
890 4174 924 4235 in
940 4174 1062 4235 ratione
1076 4170 1142 4234 dati
1158 4183 1190 4234 et
1205 4175 1330 4256 accepti
1346 4175 1498 4239 beneficii

541 4268 615 4330 viris
638 4268 781 4333 honestis
804 4275 1003 4337 solummodo
1027 4274 1219 4354 obligantur,
1235 4296 1380 4357 quornm,
1396 4286 1433 4338 ut
1455 4276 1498 4340 de

541 4370 720 4435 testimonio
743 4375 948 4438 conscientiae
967 4375 1092 4457 loquar,
1110 4395 1193 4436 unus
1213 4394 1273 4453 ego
1295 4395 1377 4454 sum,
1401 4397 1499 4459 quem
