3667 5475
432 796 495 857 aaa
688 801 1122 850 soannrssaarsasnmusrs
1297 787 1380 865 [ao.

434 1068 656 1134 EPISTOLA
680 1067 904 1250 CLXV[.-m
920 1084 1097 1131 nrcranura
1114 1084 1272 1130 rmrnau
1286 1082 1385 1129 sunu.

810 1189 840 1236 a,
857 1189 888 1232 n.
909 1168 1018 1248 uua]

740 1317 883 1382 Ricardo
889 1317 1001 1401 fratri
1015 1337 1083 1380 suo.

474 1449 514 1525 'Sr
534 1463 684 1524 affectum
706 1469 762 1521 aut
783 1478 896 1541 preces
919 1479 939 1520 a
960 1468 1016 1521 tua
1039 1459 1231 1523 salutatione
1253 1480 1385 1543 suspen·

434 1563 552 1640 derem,
566 1560 646 1625 mihi
667 1560 778 1623 salutis
799 1559 950 1641 propriae,
966 1580 1037 1642 quae
1060 1559 1130 1623 sine
1152 1570 1208 1625 tua
1229 1582 1300 1625 esse
1322 1581 1382 1624 non

432 1673 552 1747 potest,
577 1662 688 1725 merito
716 1660 842 1724 viderer
871 1659 990 1740 gaudia
1014 1661 1225 1743 praeclusisse.
1282 1661 1384 1737 Quum

432 1788 507 1850 ergo
522 1786 592 1829 eam
608 1764 648 1827 de
663 1783 751 1825 more
766 1762 971 1825 scribentium
988 1759 1028 1824 ad
1044 1762 1167 1825 amicos
1188 1764 1309 1846 pagina
1322 1783 1382 1848 non

431 1865 646 1952 praetenderit,
674 1885 740 1926 non
769 1862 845 1926 facit
872 1863 936 1925 hoc
967 1861 1112 1926 defectus
1150 1864 1305 1939 caritatis,
1334 1872 1385 1926 aut

432 1990 512 2031 meae
527 1964 799 2051 pusillanimitatis
814 1974 930 2042 motus,
946 1961 1004 2025 sed
1026 1963 1258 2046 contemplatio
1275 1982 1383 2026 neces·

432 2069 536 2133 sitatis
558 2077 631 2131 tuae.
676 2068 723 2130 Ut
745 2086 819 2148 ergo
841 2086 914 2129 meo
941 2064 981 2128 de
1004 2074 1035 2128 te
1061 2063 1219 2128 desiderio
1243 2064 1386 2141 satisfiat,

431 2171 518 2232 illins
532 2180 564 2231 te
582 2168 694 2231 salutis
715 2167 961 2250 participatione
982 2167 1098 2229 salutet
1112 2166 1308 2244 Altissimus,
1324 2184 1387 2249 qua

432 2270 521 2349 virgo
535 2288 701 2351 puerpera,
715 2266 807 2350 cujus
821 2267 1132 2349 incorruptissimam
1153 2276 1295 2331 mentem
1315 2288 1385 2331 esse

432 2381 464 2435 et
477 2371 575 2433 saissa
588 2391 655 2432 non
675 2368 814 2450 ambigo,
830 2369 934 2431 filium
957 2371 1048 2432 suum
1071 2369 1286 2437 sincerissima
1308 2368 1386 2436 cari·

429 2482 495 2536 tate
513 2469 665 2554 cupiebat
685 2491 756 2533 esse
778 2472 959 2534 salutatum.
1005 2470 1134 2535 Miraris
1155 2472 1289 2536 sortasse
1312 2491 1385 2536 cum

431 2572 562 2656 populo,
578 2579 700 2634 etcum
716 2568 830 2632 amicis
850 2568 952 2645 doles,
967 2570 1056 2652 quod
1078 2592 1203 2653 pacem,
1219 2592 1294 2654 quae
1309 2570 1385 2638 mihi

430 2694 451 2736 a
472 2670 672 2736 serenissimo
694 2690 768 2752 rege
792 2669 918 2751 Angliae
942 2671 1051 2734 oblata
1076 2671 1195 2737 dicitur
1219 2692 1302 2750 esse,
1323 2690 1387 2740 non

430 2773 549 2857 recepi,
570 2771 744 2856 prasertim
770 2793 869 2854 quum
896 2771 1086 2836 litteratores
1108 2785 1141 2837 et
1162 2773 1311 2839 meliores
1332 2772 1389 2842 viri

431 2897 499 2937 non
524 2872 620 2936 modo
643 2872 839 2950 admiserint,
861 2870 920 2933 sed
946 2872 1096 2936 aviditate
1122 2875 1285 2957 rapuerint
1307 2895 1387 2945 eam.

432 2975 620 3039 Memineris
636 2983 828 3037 autemeam
844 2975 904 3036 sub
928 2995 966 3037 ea
987 2974 1067 3038 mihi
1081 2975 1179 3037 fuisse
1203 2975 1389 3041 conditione

433 3078 583 3153 oblatam,
606 3098 669 3159 qua
691 3077 796 3152 Naue,
812 3075 868 3158 qui
890 3077 1020 3140 vertitur
1040 3078 1074 3139 in
1097 3091 1289 3160 serpentem,
1304 3078 1390 3162 prin·

433 3199 511 3260 ceps
525 3178 663 3240 filiorum
679 3180 796 3250 Amon‚
813 3177 867 3261 qui
883 3189 1098 3260 coangustans
1120 3201 1158 3242 ac
1175 3181 1390 3263 comprimens

433 3289 490 3355 est,
505 3289 559 3340 aut
580 3280 719 3360 populus
742 3279 897 3354 moeroris,
913 3280 947 3342 iu
970 3281 1243 3345 consoederatione
1263 3283 1391 3346 volebat

430 3377 574 3458 recipere
593 3376 785 3439 habitatores
806 3376 917 3458 Jerbas,
933 3401 1005 3463 quar
1027 3381 1145 3445 dicitur
1160 3383 1339 3457 exsiccata,
1353 3382 1388 3445 in

432 3477 567 3555 Galaad,
583 3477 694 3541 aculco
711 3478 863 3543 videlicet
883 3482 1067 3545 testimonii.
1112 3484 1222 3566 Inquit
1243 3485 1331 3548 enirn
1353 3485 1387 3553 in

433 3580 607 3664 Scriptura,
622 3580 754 3644 Feriam
769 3581 929 3646 vobiscum
940 3585 1063 3665 sadus,
1077 3587 1107 3648 si
1121 3607 1231 3650 ercam
1246 3588 1390 3650 omnium

432 3693 572 3748 vestram
594 3685 701 3748 oculos
727 3684 880 3758 deuteros,
904 3706 1088 3768 portamque
1108 3708 1162 3751 uos
1184 3688 1392 3770 opprobrium

434 3787 593 3850 universis
603 3787 705 3868 filiis,
720 3787 892 3867 elfinibus
905 3789 1020 3852 Israel.
1065 3790 1234 3854 Potueram
1250 3811 1391 3874 namque

432 3887 573 3971 recipere
597 3907 668 3969 quae
690 3887 780 3963 mihi,
794 3897 830 3949 ut
851 3888 975 3971 opinor,
989 3910 1047 3972 per
1068 3886 1215 3971 iujuriam
1240 3888 1388 3960 auserun-

433 3995 495 4062 tur,
510 3985 538 4047 si
552 3996 670 4048 aeterna
684 3986 799 4049 vellem
822 4007 992 4074 usquequa
1015 3999 1221 4072 postponere,
1237 4000 1269 4054 et
1289 3989 1392 4054 libers

431 4091 532 4146 tatem
556 4085 688 4166 spiritus
718 4082 910 4167 pernicioso,
938 4099 970 4152 et
999 4099 1084 4153 certe
1115 4092 1386 4173 periculosissimo

433 4194 554 4247 arctare
573 4184 765 4268 juramento.
810 4190 850 4252 In
874 4211 933 4253 suo
956 4212 1053 4254 sensu
1077 4190 1213 4277 quisque
1236 4195 1388 4258 abundat.

433 4285 508 4366 Ego
523 4283 671 4347 dextrum
691 4288 819 4351 oculum
843 4291 878 4353 in
902 4292 1082 4357 coelestium
1103 4296 1387 4378 contemplatione,

434 4397 466 4451 et
484 4385 549 4448 fide
572 4384 791 4466 invisibilium,
808 4399 840 4451 et
863 4391 1039 4455 futurorum
1062 4416 1120 4477 spe
1144 4397 1298 4478 occupari
1322 4417 1387 4460 non
