3667 5475
485 771 545 829 150
752 780 889 826 rossum
904 779 1186 824 salissanutnssrs
1346 762 1394 841 [a.
1411 780 1448 825 n.

486 932 695 999 contumacia
710 953 788 1005 suae,
804 943 836 993 ct
856 929 1080 993 inobedientiae
1096 930 1201 1016 culpa,
1216 951 1313 1015 quarn
1329 929 1447 994 beatus

490 1035 688 1100 Benedictus
698 1032 730 1095 in
741 1031 939 1095 monasteriis
950 1031 1042 1094 docet
1059 1035 1182 1095 caeteris
1195 1031 1449 1116 acriuspunieu·

488 1136 584 1209 dam,
608 1148 639 1198 et
663 1155 759 1218 quam
781 1144 850 1197 tota
872 1131 952 1194 fides
976 1132 1153 1207 Catholica,
1176 1144 1209 1196 et
1231 1133 1334 1195 omnis
1349 1132 1449 1195 eccle-

489 1241 616 1302 siastica
630 1234 809 1318 disciplina,
825 1233 916 1320 quasi
934 1233 1035 1297 scelus
1051 1232 1241 1297 idololatrias
1257 1234 1449 1297 detestatur.

494 1334 642 1399 Tandem
659 1332 800 1396 conversi
815 1334 855 1396 ad
872 1356 927 1396 cor
942 1333 983 1396 ab
998 1333 1114 1397 abbate
1135 1356 1203 1408 suo,
1220 1355 1315 1418 quern
1336 1333 1448 1397 multis

491 1436 617 1524 injuriis
632 1448 664 1499 et
680 1436 900 1499 vexationibus
915 1436 1057 1519 graviter
1073 1435 1229 1511 laeserant,
1245 1436 1360 1500 saniori
1374 1459 1448 1499 con-

491 1538 561 1602 silio
578 1540 640 1617 usi,
654 1537 805 1621 prostrati
821 1538 861 1600 ad
878 1540 977 1622 pedes
991 1538 1071 1621 ejus,
1087 1539 1209 1601 veniam
1226 1539 1400 1623 petierunt,
1414 1552 1447 1602 et

492 1641 736 1705 satisfactionem
750 1639 984 1725 promittentes,
996 1641 1147 1704 restituto
1160 1639 1341 1726 privilegio,
1359 1640 1446 1725 quod

491 1766 510 1807 a
524 1743 688 1829 majestate
699 1741 817 1803 viciosa
829 1740 1036 1824 suggestione
1046 1740 1264 1815 obtinuerant,
1277 1742 1447 1805 interveni-

489 1844 617 1908 entibus
640 1842 742 1917 nobis‚
765 1852 797 1904 et
820 1839 1054 1904 venerabilibus
1077 1840 1152 1904 viris
1166 1842 1221 1925 qni
1245 1842 1388 1921 aderaut,
1403 1843 1446 1906 G.

491 1943 635 2009 Roffeusi
657 1944 817 2029 episcopo,
842 1942 995 2005 Silvestro
1017 1940 1133 2005 abbate
1158 1943 1190 2007 S.
1206 1942 1392 2025 Augustini,
1414 1943 1446 2005 in

490 2045 590 2129 ipsius
602 2047 737 2128 gratiam
750 2047 869 2128 recepti
881 2060 966 2120 sunt,
981 2055 1012 2107 et
1024 2044 1068 2106 sic
1083 2044 1251 2107 concordia
1266 2043 1448 2110 reformata.

495 2150 541 2211 Et
572 2146 648 2229 quia
673 2145 820 2210 cellulam
843 2145 1031 2235 Malverniaa
1054 2144 1192 2211 ecclesiae
1219 2147 1447 2211 Westmonast.

491 2245 586 2331 pleno
596 2245 671 2329 jure
682 2246 723 2308 ab
734 2245 824 2309 initio
833 2257 957 2309 constat
972 2267 1039 2308 esse
1049 2245 1238 2330 subjectam,
1251 2245 1448 2311 excellentias

493 2359 607 2408 vestrae
638 2368 746 2431 preces
775 2332 982 2430 porrigimus,
1003 2358 1151 2429 rogantes
1173 2367 1211 2408 ne
1240 2358 1350 2408 contra
1372 2368 1448 2409 con-

492 2444 694 2508 suetudinem
720 2444 862 2507 omnium
889 2443 1163 2519 monasteriorum,
1190 2467 1257 2508 earn
1280 2445 1447 2530 patiamini

487 2549 561 2632 jure
577 2568 634 2610 suo
654 2546 784 2633 privari,
800 2560 832 2610 et
846 2548 953 2633 justas
974 2547 1144 2631 petitiones
1165 2546 1301 2623 abbatis,
1314 2546 1361 2630 de
1381 2572 1448 2631 quo

493 2648 623 2712 meliora
638 2670 811 2733 speramus,
827 2647 1071 2711 misericorditer
1085 2647 1230 2712 audiatis.

492 2823 716 2888 EPlSTOLA
743 2817 888 2883 CL-an
912 2839 1097 2882 nnnnrcnrn
1118 2840 1263 2885 oniscon.
1284 2841 1448 2884 wrnrourss

786 2940 911 2984 nnsnn.
932 2921 1010 3000 [un.
1030 2923 1140 3002 lton]

677 3038 861 3115 Ureobaldi,
877 3038 1033 3118 Episcopo
1053 3039 1275 3102 Wintouieuaa'.

539 3158 651 3219 Surus
673 3153 890 3216 incolumitate
912 3167 1028 3232 vestra,
1051 3176 1147 3237 quarn
1166 3153 1319 3217 anuntiis
1335 3155 1447 3216 vestris

493 3255 681 3338 accepimuS,
703 3253 850 3316 laetamur
873 3251 1060 3337 plurimum,
1076 3254 1129 3316 sed
1153 3254 1194 3317 de
1210 3277 1246 3317 en
1267 3256 1383 3318 mentis
1399 3255 1447 3317 iu-

494 3355 654 3436 tegritate,
663 3376 737 3438 quae
748 3375 854 3415 rerum
868 3352 983 3415 damna
995 3377 1057 3416 non
1067 3355 1173 3430 sentit,
1187 3356 1446 3440 congratulamur

494 3451 656 3516 Altissimo
668 3453 823 3516 bonorum
839 3453 982 3514 omnium
996 3453 1150 3538 largitori.
1183 3457 1300 3519 Gravis
1316 3456 1445 3540 quidem

493 3555 598 3618 fuerat
628 3554 668 3617 de
693 3576 797 3617 rerum
823 3554 952 3639 jactura
975 3555 1119 3632 tentatio,
1143 3557 1167 3619 si
1191 3580 1253 3620 non
1276 3560 1308 3621 in
1331 3558 1445 3619 fortem

494 3655 635 3720 animum
650 3655 828 3728 incidisset3
854 3677 964 3718 verum
980 3653 1137 3718 fortitudo
1152 3656 1269 3718 clarius
1283 3655 1448 3735 elucescet,

494 3768 519 3832 si
541 3758 755 3823 tribulationis
777 3760 850 3841 igne
873 3757 1007 3841 probata
1031 3755 1158 3819 redierit
1179 3757 1220 3820 ad
1243 3757 1336 3834 ovile,
1360 3757 1448 3842 quod

494 3893 534 3934 ex
550 3860 686 3950 pastoris
701 3857 842 3922 absentia
857 3857 1075 3922 insidiantium
1092 3859 1248 3922 morsibus
1263 3872 1361 3943 patet.
1379 3862 1448 3922 Nec

494 3983 556 4045 est,
571 3963 685 4026 dilecte
708 3961 818 4036 frater,
841 3960 930 4044 quod
953 3982 1008 4022 vos
1030 3960 1144 4023 amodo
1167 3960 1266 4022 vereri
1289 3973 1447 4045 oporteat,

494 4087 596 4154 quum
611 4063 677 4145 ipse
690 4083 746 4122 rex
759 4060 934 4154 adventum
948 4075 1086 4124 vestrum
1100 4062 1269 4137 desideret,
1282 4078 1313 4124 et
1327 4084 1450 4147 pacem,

495 4184 527 4234 et
542 4163 741 4229 securitatem
766 4163 978 4224 omnimodam
1003 4165 1215 4246 repromittat,
1240 4177 1270 4226 et
1288 4186 1326 4225 ne
1347 4163 1388 4225 dc
1410 4186 1448 4225 ea

494 4264 620 4356 possitis
642 4260 752 4344 aliqua
773 4261 894 4323 ratione
917 4261 1077 4338 dubitare,
1092 4286 1162 4326 earn
1179 4268 1209 4328 in
1227 4286 1325 4328 manu
1342 4279 1450 4329 nostra

495 4370 646 4456 cepimus,
675 4360 826 4426 ducatum
859 4362 948 4425 vobis
978 4363 1101 4441 dantes,
1130 4367 1250 4429 amari
1281 4388 1381 4453 usquc
1407 4366 1449 4432 ad
