3667 5475
441 774 483 831 ta
698 784 833 829 somma
850 781 1129 831 suessoniensis
1301 766 1346 847 [a.
1364 787 1394 832 u.

441 934 667 1022 archiepiscopi
692 937 737 999 eis
761 934 801 998 de
826 934 964 998 ecclesiis
992 934 1025 998 in
1051 936 1268 1001 testimonium
1295 936 1395 1000 dona-

440 1035 535 1101 tionis
556 1035 751 1113 collocatam,
775 1037 948 1101 auctoritas
972 1036 1091 1101 Calixti
1114 1057 1217 1124 papoe,
1233 1038 1292 1124 qui
1315 1052 1396 1103 tune

441 1138 591 1223 temporis
605 1151 721 1203 sancta
732 1139 885 1203 Romanae
896 1138 1035 1205 ecclesire
1046 1138 1179 1204 feliciter
1188 1139 1397 1227 presidebat,

439 1261 498 1304 suo
526 1238 693 1326 privilegio
729 1238 863 1327 dignum
900 1240 995 1305 duxit
1024 1241 1182 1308 roborare.
1243 1242 1395 1307 Geuibus

438 1343 549 1429 itaque
564 1342 738 1429 majestatis
753 1355 867 1408 vestrae
888 1342 1062 1430 provoluti,
1079 1364 1137 1430 pro
1156 1344 1313 1409 fratribus
1323 1344 1395 1430 jam

438 1443 533 1511 dictu
554 1444 693 1511 ecclesiae
714 1457 744 1511 et
767 1467 841 1510 cum
861 1444 906 1509 eis
925 1444 1143 1532 supplicamus
1164 1445 1332 1523 attentius,
1354 1456 1394 1509 ut

439 1546 585 1612 abbatem
615 1546 743 1612 illorum
773 1546 814 1611 ad
841 1545 997 1611 auxilium
1024 1543 1248 1612 misericordiae
1274 1557 1394 1612 restrae

438 1645 672 1734 confugientem
695 1648 843 1733 benigne,
865 1649 891 1711 si
913 1645 1030 1732 placet,
1045 1646 1232 1725 admittatis,
1247 1658 1280 1712 et
1299 1647 1394 1733 quod

438 1749 561 1813 tamdiu
577 1748 798 1834 possederunt,
813 1748 1002 1812 auctoritate
1016 1747 1189 1833 apostolica
1204 1748 1395 1813 roboratum

437 1850 479 1915 de
493 1861 608 1916 coetero
622 1849 731 1936 quiete
752 1849 944 1935 possideant,
960 1860 998 1913 ut
1011 1848 1210 1915 orationibus
1223 1871 1265 1914 ex
1279 1847 1395 1914 debito

438 1974 497 2037 pro
526 1956 672 2017 Romano
701 1950 850 2035 pontifice
876 1949 1028 2016 faciendis
1057 1950 1227 2038 expeditis,
1252 1948 1393 2036 negotiis

438 2054 504 2118 suis
520 2052 661 2129 liberius,
677 2064 709 2117 et
725 2052 930 2117 affectuosius
944 2052 1070 2119 valeant
1083 2052 1257 2138 invigilare.
1290 2051 1395 2117 Char·

439 2165 488 2218 tas
502 2165 623 2230 autem,
639 2174 776 2239 quarum
797 2152 950 2239 rescripta
964 2151 1055 2218 vobis
1075 2152 1199 2240 signata
1221 2153 1393 2228 mittimus,

437 2252 587 2332 vidimus,
602 2251 750 2319 manibus
765 2254 881 2319 nostris
896 2254 1121 2321 tractavimus:

628 2451 851 2517 EPISTOLA
872 2453 1033 2515 XL.·-an
1047 2467 1199 2515 nonnum.

753 2578 938 2642 Alcuondro
952 2575 1067 2660 Pupae.

478 2707 583 2780 Quum
595 2704 677 2770 inter
688 2701 838 2768 moniales
850 2701 890 2766 de
903 2701 1014 2767 Gisam
1032 2714 1064 2768 et
1081 2706 1119 2769 B.
1130 2701 1389 2767 archidiaconum

435 2810 669 2875 Norwiceusem
689 2828 785 2892 super
804 2803 935 2869 ecclesia
957 2802 997 2868 de
1019 2805 1157 2869 Nenton.
1172 2805 1389 2870 controversia

435 2925 594 2997 ageretur,
607 2909 811 2975 Baldewiuus
823 2909 854 2971 in
867 2905 998 2970 modum
1009 2905 1203 2992 exceptionis
1215 2905 1386 2989 bonorum,

435 3035 508 3100 quae
528 3012 589 3075 sibi
609 3034 628 3074 a
651 3008 840 3074 monialibus
858 3007 965 3082 ablata
984 3007 1122 3086 dicebat,
1137 3007 1385 3085 restitutionem,

434 3126 605 3198 antequam
618 3110 658 3174 ad
674 3131 799 3175 causam
816 3109 1022 3195 principalem
1038 3108 1230 3185 accederem,
1241 3107 1303 3174 sibi
1317 3106 1387 3173 fieri

433 3213 618 3299 postulavit.
664 3211 713 3277 Ad
738 3211 806 3273 haec
828 3210 1014 3275 monialium
1037 3224 1269 3297 procuratores,
1288 3208 1387 3274 eccle-

434 3315 511 3378 siam
527 3336 615 3378 suam
632 3337 651 3377 a
668 3311 851 3376 Baldewiuo
866 3334 950 3398 saepe
965 3313 1138 3399 plurimum
1157 3312 1274 3398 injuste
1290 3334 1388 3376 vexa·

433 3434 497 3480 tam
514 3417 738 3503 querebantur,
752 3427 785 3478 et
801 3438 833 3478 se
849 3414 1123 3500 tergiversationes
1142 3415 1212 3499 ejus
1226 3413 1386 3477 sustinere

432 3540 495 3582 non
511 3541 613 3604 posse,
630 3542 730 3606 quum
751 3517 822 3581 illus
840 3515 872 3578 in
895 3516 1043 3601 partibus
1059 3514 1124 3580 suis
1146 3510 1386 3600 deprehendere

432 3644 524 3686 nemo
550 3621 694 3687 sufficiat.
746 3620 826 3684 ldeo
848 3618 888 3682 ad
912 3619 1020 3686 sedem
1046 3614 1250 3704 apostolicam
1277 3615 1384 3702 ipsum

432 3725 685 3812 appellaverunt,
696 3722 780 3787 diem
797 3718 1000 3807 praefigentes
1012 3719 1265 3805 purificationem
1280 3713 1385 3780 beatoe

432 3826 572 3911 Virginis
587 3826 710 3892 Mariae.

609 4040 831 4102 EPISTOLA
854 4040 1203 4102 XL1.-msuunnu.

748 4164 935 4224 Alerondro
952 4164 1064 4243 Papo.

474 4285 640 4349 Ecctnsm
670 4281 861 4347 Morinensis
896 4284 945 4346 his
978 4285 1035 4368 qui
1072 4303 1140 4348 eam
1180 4284 1384 4369 impugnant,

430 4399 538 4450 sancto
562 4384 710 4470 episcopo
739 4381 871 4458 Milone,
896 4397 988 4469 patre
1018 4386 1150 4471 optimo,
1179 4384 1381 4461 destitutum,
1474 4438 1478 4445 .
