3667 5475
435 748 547 820 1166]
822 762 1001 807 asisinus.
1159 833 1167 848 Ι.
1325 750 1388 809 297

432 927 528 977 tenus
542 914 696 997 permittit
705 915 871 977 sinceritas
886 916 1039 989 caritatis,
1049 926 1117 977 tota
1126 925 1234 977 mente
1245 937 1389 992 veneror,

433 1030 467 1080 et
491 1018 679 1101 amplector,
703 1017 904 1100 persuadete,
931 1028 968 1079 ut
990 1017 1088 1101 juxta
1114 1017 1201 1100 quod
1227 1018 1390 1101 Propheta

434 1131 557 1194 monet,
571 1120 716 1181 reflectat
729 1120 842 1180 oculos
857 1119 974 1180 mentis
988 1118 1031 1180 ad
1052 1132 1174 1181 suaset
1195 1119 1317 1181 domini
1339 1121 1390 1182 sui

434 1221 513 1297 rias,
527 1234 561 1283 et
574 1232 674 1301 ponat
688 1242 744 1282 eor
758 1241 855 1302 snper
867 1221 951 1294 illas,
965 1231 1000 1282 et
1013 1242 1081 1282 non
1101 1220 1218 1282 amodo
1239 1221 1391 1304 subjiciat

436 1322 468 1385 ei
497 1323 619 1398 mollia,
647 1342 780 1403 sperans
808 1322 843 1382 in
871 1322 996 1382 incerto
1026 1319 1206 1383 divitiarum
1235 1333 1269 1383 et
1297 1323 1392 1387 variis

435 1423 649 1485 lenocinantis
687 1424 823 1484 fortunae
863 1421 1102 1497 blandimentis,
1136 1422 1391 1506 memineritque,

436 1524 527 1608 quod
541 1524 674 1586 summis
687 1536 841 1604 negatum
862 1535 911 1585 est
933 1534 1015 1585 stare
1037 1522 1104 1599 diu,
1118 1534 1152 1585 et
1172 1534 1246 1585 ante
1266 1524 1390 1588 ruinam

436 1627 599 1687 exaltatur
627 1645 693 1686 eor.
751 1626 837 1686 Nam
875 1635 1169 1707 quantumcumque
1203 1623 1391 1703 dissimulet,

436 1726 528 1789 novit
542 1727 734 1789 sententiam
748 1726 897 1809 pastoris,
913 1724 1005 1808 justa
1019 1725 1061 1786 sit
1075 1746 1116 1786 an
1130 1724 1261 1808 injusta,
1275 1726 1391 1788 timen-

437 1827 514 1890 dam
528 1848 610 1889 esse.
646 1826 733 1898 Quid
748 1825 871 1889 multa?
895 1827 924 1887 si
938 1836 1045 1909 potest
1059 1826 1142 1888 Loth
1156 1847 1227 1888 esse
1239 1827 1274 1887 in
1289 1827 1391 1890 Sodo-

438 1928 511 2007 mis,
522 1928 649 2011 Joseph
663 1930 696 1990 in
711 1931 785 1990 aula
806 1927 995 2002 Pharaonis,
1011 1925 1109 1989 Cusai
1123 1927 1157 1988 in
1172 1927 1343 2009 colloquiis
1359 1938 1392 1989 et

439 2028 582 2091 consiliis
596 2029 751 2105 Absalon,
768 2027 890 2091 Abdias
903 2028 938 2089 in
958 2027 1115 2109 obsequio
1129 2027 1243 2089 Achab
1258 2036 1292 2090 et
1313 2048 1389 2089 eon-

438 2128 536 2192 sortio
548 2127 696 2203 lezabel,
711 2131 740 2191 si
754 2129 874 2191 Daniel
888 2129 921 2190 in
945 2128 1130 2209 Babylone:
1160 2129 1237 2190 illuc
1260 2129 1392 2191 salubri·

440 2244 488 2293 ter
508 2230 569 2293 tibi
589 2242 623 2293 et
642 2231 708 2293 illis
729 2230 953 2314 proficisceris,
974 2229 1092 2313 quibus
1117 2229 1336 2311 persuadebis,
1358 2243 1394 2293 ut

441 2331 625 2395 custodiant
645 2332 875 2402 innocentiam,
897 2339 931 2393 et
952 2330 1083 2393 rideant
1106 2331 1297 2414 equitatem,
1312 2353 1393 2415 quo·

439 2431 529 2493 niam
544 2432 772 2513 suntreliqnim
786 2431 908 2494 homini
923 2430 1082 2513 pacificot
1113 2443 1146 2492 et
1160 2452 1260 2513 quum
1281 2432 1393 2514 injusti

440 2531 537 2592 simul
546 2529 739 2612 dispereant,
749 2532 834 2593 salus
839 2532 1000 2615 justorum
1010 2540 1230 2611 expectatura
1241 2531 1394 2609 Domino,

440 2630 497 2714 qui
520 2630 626 2694 fidelis
647 2641 698 2695 est
718 2632 751 2694 in
773 2633 948 2715 promissis,
961 2640 997 2693 'et
1019 2630 1139 2693 eleetos
1154 2650 1230 2692 suos
1249 2651 1345 2714 supra
1357 2631 1393 2695 id

441 2733 530 2819 quod
552 2746 697 2820 possunt,
720 2736 836 2798 tentari
858 2756 924 2797 non
947 2733 1076 2816 patitur,
1098 2732 1156 2796 sed
1177 2732 1225 2796 eis
1247 2733 1395 2799 universa

442 2851 653 2921 cooperantur
674 2838 707 2900 in
733 2840 864 2900 bonum.
914 2836 983 2899 Iter
1007 2846 1041 2900 et
1065 2847 1155 2900 actus
1180 2846 1254 2898 tuos
1279 2835 1395 2918 dirigat

444 2941 613 3003 Dominus.

444 3186 665 3250 EPISTOLA
688 3185 963 3250 mxxxi-in
978 3204 1131 3249 auunnu.
1169 3185 1215 3265 [a.
1233 3204 1264 3247 n.
1283 3186 1391 3267 llud]

687 3319 852 3398 Maqistro
868 3319 1016 3396 Radulso
1032 3321 1148 3401 Niqro.

488 3448 592 3510 Ftnas
618 3455 652 3510 et
676 3444 804 3509 devotio
832 3457 887 3508 tua
907 3449 1123 3510 testimonium
1150 3448 1272 3512 habent
1293 3448 1395 3533 majus

443 3550 581 3624 Joanne,
608 3569 680 3630 quae
710 3569 776 3610 non
805 3550 972 3611 verborum
1002 3548 1147 3631 strepitu,
1176 3546 1233 3610 sed
1262 3569 1396 3630 operum

444 3649 644 3712 exhibitione
659 3650 850 3713 clarescunt.
896 3649 981 3711 Nam
1003 3659 1035 3710 et
1049 3646 1072 3706 J
1075 3667 1148 3709 esus
1163 3647 1289 3721 veritas,
1304 3646 1397 3730 cujus

445 3748 569 3812 utinam
591 3748 637 3811 sie
658 3748 834 3811 imitatores
855 3748 965 3825 simus,
984 3747 1069 3809 sicut
1090 3765 1200 3807 sumus
1223 3756 1256 3807 et
1277 3746 1397 3827 proles·

446 3870 546 3927 sores,
560 3851 797 3912 attestationem
811 3870 946 3932 operum
959 3849 980 3910 J
982 3848 1095 3910 oannis
1119 3842 1301 3908 testimonio
1316 3868 1395 3929 prm·

445 3953 517 4029 lert,
530 3972 595 4014 non
610 3951 673 4014 hoc
697 3951 828 4035 quidem
844 3948 1065 4012 condemnans
1087 3957 1124 4011 ut
1144 3948 1326 4029 reprobum,
1340 3950 1398 4014 sed

445 4051 479 4115 id
502 4061 655 4136 tanquam
676 4051 873 4134 probabilius
896 4050 945 4113 sui
968 4047 1153 4112 innocentia
1175 4050 1298 4113 censuit
1319 4071 1399 4134 prae·

447 4154 623 4217 ferendum.
675 4153 841 4236 Siquidem
871 4172 970 4235 opera
998 4150 1153 4236 cujusque
1184 4153 1398 4217 testimonium

446 4255 618 4336 perhibent
633 4254 672 4316 de
688 4275 743 4316 eo:
776 4263 809 4315 et
831 4255 934 4330 arbor,
949 4275 1008 4316 nec
1025 4274 1068 4316 ex
1083 4253 1132 4316 sui
1156 4251 1345 4336 proceritate
1368 4265 1400 4316 et

446 4356 572 4433 robore,
583 4376 643 4419 nec
660 4376 700 4418 ex
717 4375 873 4418 ramorum
889 4355 1090 4419 multitudine
1105 4368 1137 4419 et
1151 4368 1326 4431 venustate,
1337 4374 1397 4417 nec
