3667 5475
538 778 600 834 ala
795 785 930 829 10111110
947 784 1225 829 011101111111011
1402 765 1451 848 [Α.
1470 788 1500 833 n.

539 941 635 1017 carni,
652 951 682 1002 et
698 940 813 1021 sopito,
828 941 892 999 imo
908 938 972 1000 sere
988 938 1130 1000 extincto
1149 939 1275 1021 spiritui
1290 940 1322 1002 in
1348 941 1497 1005 salutem.

540 1042 738 1104 Persuadeas
765 1061 839 1122 crgo
867 1040 1004 1103 domiuae
1031 1050 1146 1101 nostrae
1169 1051 1204 1104 ut
1229 1063 1290 1105 nos
1315 1041 1355 1106 de
1379 1053 1498 1106 caetero

538 1145 655 1207 habeat
670 1154 841 1206 excusatos
864 1143 896 1204 in
923 1164 961 1204 eo
986 1140 1074 1225 quod
1100 1143 1182 1204 ultro
1205 1142 1406 1208 dissimulare
1429 1165 1497 1207 non

538 1248 630 1309 licet:
655 1247 798 1328 sciatque
821 1265 879 1326 pro
895 1256 982 1306 certo
1006 1242 1091 1326 quod
1107 1244 1134 1305 si
1150 1244 1300 1308 revixerit
1315 1246 1401 1309 filius
1417 1244 1497 1331 ejus,

538 1360 570 1411 et
585 1348 755 1411 consilium
775 1348 882 1408 matris
908 1345 1041 1427 recipiat
1065 1345 1199 1408 audiens
1214 1368 1325 1409 vocem
1351 1348 1497 1423 Domini,

538 1469 598 1511 nos
625 1447 667 1511 ad
693 1449 846 1509 horrorem
875 1446 950 1520 Dei,
974 1456 1006 1505 et
1029 1445 1226 1508 voluntatem
1252 1468 1343 1510 suam
1370 1457 1495 1529 paratos

538 1548 688 1611 inveniet.
724 1546 855 1610 Interim
871 1544 1058 1606 morientem
1075 1543 1177 1607 filium
1193 1546 1319 1629 pariter,
1334 1559 1368 1611 et
1383 1546 1495 1610 eodem

537 1653 703 1733 lugeamus
724 1650 852 1721 affectu,
869 1647 925 1728 qui
950 1648 1085 1709 salutem
1101 1645 1171 1729 ejus
1185 1658 1217 1711 et
1240 1649 1407 1727 honorem,
1422 1650 1494 1713 Deo

536 1766 628 1829 teste,
641 1750 800 1815 consimili
816 1748 976 1811 desiderio
992 1758 1141 1831 optamus
1157 1750 1275 1833 pariter
1290 1762 1322 1814 et
1336 1763 1492 1836 optamus.

537 1855 621 1919 Haec
648 1875 719 1918 cum
747 1852 867 1925 dolore,
893 1852 1044 1931 lacrimis,
1069 1851 1271 1932 singultibus,
1296 1866 1326 1916 et
1351 1853 1494 1937 suspiriis

537 1957 707 2041 loquimur,
723 1967 873 2037 tanquam
889 1954 1010 2016 viscera
1024 1965 1132 2017 nostra
1148 1954 1187 2017 de
1203 1956 1340 2019 claustro
1356 1956 1494 2039 pectoris

537 2058 709 2121 acerbitate
734 2056 808 2118 ferri
838 2066 983 2118 extracta
1012 2056 1124 2118 ardore
1151 2057 1284 2120 cauterii
1310 2058 1492 2143 inuramus:

537 2161 624 2245 quod
639 2171 670 2223 01
685 2161 775 2222 Deus
791 2159 863 2235 scit,
874 2160 907 2219 in
924 2159 1017 2242 cujus
1032 2155 1180 2243 injuriam
1197 2181 1346 2224 exercere
1362 2162 1494 2225 ulterius

534 2284 601 2325 non
618 2262 772 2324 debemus
793 2261 927 2344 impiam
950 2262 1114 2344 pietatem,
1124 2263 1153 2324 01
1175 2260 1209 2324 in
1231 2263 1334 2338 terris,
1351 2277 1494 2339 matrem,

535 2374 668 2447 patrem,
684 2384 832 2435 sororem,
849 2363 1060 2445 praeserendo‚
1077 2373 1109 2427 et
1133 2365 1330 2429 Dominum:
1361 2377 1493 2431 nonest

535 2465 627 2527 dolor
641 2466 724 2528 sicut
740 2465 832 2528 dolor
846 2466 925 2528 iste:
958 2465 1014 2527 sed
1030 2467 1144 2530 caritas
1170 2466 1245 2544 Dei,
1260 2479 1292 2531 et
1314 2468 1448 2547 utilitas,
1462 2479 1494 2532 01

534 2568 638 2631 honor
652 2568 721 2651 ejus
736 2568 791 2650 qui
807 2578 943 2644 curatur,
959 2589 1019 2630 uos
1037 2580 1129 2648 urget
1143 2579 1178 2632 ut
1203 2569 1273 2632 haec
1298 2571 1370 2633 forti
1385 2572 1492 2636 animo

534 2672 730 2733 sufferamus.
776 2653 867 2748 Vale,
883 2672 998 2748 saluta,
1013 2681 1045 2732 et
1068 2671 1207 2734 sollicita
1221 2672 1331 2737 fratres
1355 2683 1492 2750 nostros,

532 2785 568 2834 ut
591 2773 682 2835 nobis
710 2773 879 2854 impetrent
905 2771 1050 2853 spiritum
1077 2773 1203 2836 consilii
1230 2785 1262 2836 et
1287 2771 1494 2855 fortitudinis,

533 2881 658 2934 orantes
675 2893 732 2954 pro
748 2871 879 2933 domino
896 2890 979 2951 rege,
996 2881 1031 2933 ut
1046 2872 1074 2933 01
1094 2871 1180 2934 adsit
1195 2873 1324 2954 spiritus
1348 2877 1491 2941 scientiae

533 2985 564 3036 et
578 2973 727 3049 veritatis,
743 2981 900 3056 quatenus
925 2993 992 3054 pax
1008 2972 1077 3055 ejus
1092 2974 1250 3038 Ecclesiae
1271 2977 1334 3039 Dei
1350 2988 1383 3042 et
1397 2979 1493 3042 nobis

533 3074 716 3138 reformetur
731 3076 765 3136 111
782 3073 935 3136 Domino.

532 3329 752 3391 EPISTOLA
796 3329 988 3394 CLIl—au
1024 3350 1234 3397 winimarum
1270 3355 1312 3424 ur
1347 3354 1491 3399 onounu

564 3447 706 3490 Pmonus
724 3447 889 3492 accursum
906 3450 1184 3496 caururmausrs.
1234 3435 1279 3515 [1.
1296 3455 1327 3495 n.
1346 3439 1459 3514 1166.]

584 3564 754 3627 Prioribus
769 3572 888 3628 1011010
905 3566 1059 3629 Ecclerr‘ae
1080 3564 1340 3647 cantuariensis,
1354 3571 1390 3633 J.
1406 3571 1446 3636 S.

572 3687 769 3748 Muuiursse
786 3695 890 3766 potest
905 3695 938 3745 et
960 3684 1056 3747 debet
1072 3697 1174 3750 vestra
1190 3688 1353 3767 discretio,
1369 3702 1493 3774 quanta

530 3786 702 3849 reverentia
718 3787 758 3848 sit
774 3787 920 3848 Patribus
936 3786 1130 3864 exhibenda,
1146 3802 1178 3851 et
1199 3791 1350 3873 quantam
1374 3792 1490 3856 huma·

527 3892 660 3952 nitatem
680 3900 790 3950 sancta
807 3887 1047 3949 cantuariensis
1074 3890 1209 3952 ecclesia
1237 3890 1492 3974 archiepiscopis

529 3993 593 4051 suis
609 3989 810 4070 impenderit.
857 3989 950 4051 Licet
972 4001 1076 4051 autem
1093 3991 1193 4066 illurn,
1212 3992 1267 4074 qui
1284 3992 1379 4055 modo
1404 4013 1491 4075 prae·

527 4089 611 4151 sidet
626 4089 728 4163 nobis,
745 4110 808 4149 non
826 4090 959 4152 audeam
979 4091 1045 4153 suis
1067 4091 1290 4155 decessoribus
1306 4114 1491 4178 remquam,

526 4190 580 4271 qui
609 4189 641 4248 iu
673 4189 808 4249 ecclesia
838 4200 948 4251 nostra
977 4204 1149 4254 coruscant
1178 4193 1352 4271 miraculis
1379 4205 1490 4259 tamen

526 4310 666 4362 causam,
702 4308 793 4368 quam
836 4289 895 4350 iste
935 4300 1050 4368 tuetur,
1091 4294 1271 4356 inferiorem
1310 4316 1380 4357 esse
1420 4319 1490 4361 non

525 4394 666 4457 arbitror.
707 4388 830 4451 Eadem
843 4391 928 4453 enim
945 4405 1002 4467 est,
1018 4415 1114 4472 quum
1132 4396 1301 4478 utrobique
1318 4418 1376 4479 pro
1389 4398 1487 4462 liberss
