3667 5475
509 772 572 832 282
765 783 901 828 soranis
916 783 1191 831 samanaaransrs
1372 769 1419 849 [s.
1438 791 1473 836 n.

507 939 684 1022 apostolus,
701 937 817 1017 Areae,
832 936 972 1013 obsecra,
986 938 1133 1019 increpa,
1149 946 1328 1017 opportune
1341 942 1471 1024 imper„

507 1047 595 1115 tane,
622 1036 656 1099 id
685 1047 734 1099 est
762 1056 967 1119 quacumque
996 1046 1178 1119 opportuna
1207 1038 1467 1121 importunitate.

508 1139 576 1203 Sub
587 1148 745 1219 praetextu
761 1146 866 1198 tamen
878 1134 1104 1217 appellationis
1116 1156 1226 1199 omnes
1242 1156 1275 1198 se
1291 1136 1331 1199 de
1346 1150 1471 1203 caetero

509 1240 691 1313 tuebuntur,
706 1236 807 1321 parati
827 1235 1005 1320 quamlibet
1025 1237 1184 1299 incurrere
1198 1237 1470 1320 inobedientiam,

509 1348 717 1423 expectantes
738 1338 864 1403 interim
879 1345 936 1401 aut
955 1347 1090 1401 mortem
1111 1338 1233 1402 domini
1249 1361 1350 1424 papae,
1367 1364 1467 1426 quam

507 1454 631 1526 optant,
655 1452 710 1504 aut
733 1451 881 1513 vestram,
906 1447 963 1502 aut
987 1440 1086 1502 alium
1116 1461 1239 1515 casum,
1266 1442 1322 1525 qui
1351 1463 1466 1513 eorum

508 1544 638 1607 malitias
663 1540 890 1626 patrocinetur.
945 1540 1021 1603 Rex
1050 1540 1136 1603 enirn
1164 1562 1183 1604 a
1209 1541 1301 1625 cujus
1331 1564 1465 1608 excom·

508 1644 663 1709 municati
685 1642 962 1705 communicasse
982 1661 1123 1724 unquam
1147 1642 1332 1725 suspendit?
1355 1665 1465 1710 noune

508 1747 538 1809 ei
563 1766 689 1828 semper
711 1743 882 1826 pontifices
905 1753 938 1806 et
963 1743 1067 1805 clerus
1093 1743 1159 1807 sere
1185 1755 1270 1807 totus
1292 1745 1465 1811 astiterunt

509 1845 660 1910 adversus
671 1845 901 1919 Dominum‚et
912 1842 1065 1906 adversus
1074 1843 1238 1907 Christum
1248 1844 1337 1928 ejus?
1355 1847 1465 1915 Credo

510 1948 665 2011 tamenin
687 1945 849 2029 episcopis
871 1945 996 2028 aliquos
1017 1966 1101 2023 esse,
1122 1946 1179 2028 qui
1198 1947 1382 2027 nobiscum,
1398 1948 1464 2013 imo

509 2071 584 2113 cum
604 2048 747 2111 Domino
769 2058 802 2110 et
823 2046 973 2110 Ecclesia
999 2044 1080 2129 ejus,
1102 2042 1185 2109 votis
1208 2059 1240 2111 et
1262 2032 1464 2113 orationibus

508 2149 640 2212 firmiter
657 2158 870 2231 perseverant,
885 2146 945 2209 etsi
960 2146 1099 2219 inimicis
1120 2158 1154 2211 et
1176 2150 1462 2233 persequutoribus

508 2246 653 2313 ecclesia
675 2268 808 2330 corpore
832 2257 866 2316 et
890 2249 989 2311 rerbo
1011 2260 1105 2311 tenus
1126 2250 1159 2312 in
1185 2250 1294 2314 mrrltis
1317 2272 1463 2315 commu,

508 2351 630 2413 uicent.
674 2347 729 2411 Sic
748 2347 907 2411 Jonathas
923 2368 996 2411 cum
1019 2348 1115 2412 Saule
1137 2362 1227 2433 patre
1248 2372 1308 2414 suo
1328 2372 1463 2434 corpore

507 2452 703 2523 versabatur,
722 2448 780 2511 sed
802 2458 870 2513 tota
890 2450 1008 2512 mentis
1029 2451 1212 2519 sinceritate
1234 2473 1309 2517 eum
1332 2452 1461 2526 Davide

507 2551 678 2615 exulabat:
708 2549 764 2614 Sic
788 2550 884 2613 etiam
910 2549 952 2612 ad
981 2549 1043 2614 filii
1067 2550 1233 2634 patricidae
1264 2554 1460 2623 consortium

506 2653 608 2719 Cusai
635 2653 818 2716 Aracbitem
845 2653 880 2714 in
910 2652 1045 2715 exilium
1081 2665 1305 2736 properantem
1340 2656 1462 2721 remisit

507 2755 625 2833 David,
638 2757 774 2818 mallens
795 2755 885 2817 illum
908 2776 983 2819 cum
1005 2755 1117 2818 amieis
1138 2755 1244 2819 Sadoc
1258 2768 1290 2820 et
1304 2757 1463 2831 Abiathar

507 2857 725 2921 sacerdotibus
738 2858 821 2919 inter
833 2856 984 2919 inimicos
1005 2857 1127 2919 utiliter
1146 2859 1348 2937 commorari,
1363 2881 1461 2943 quam

507 2958 568 3020 sibi
601 2958 756 3020 inutiliter
789 2957 970 3020 coerulare.
1030 2955 1196 3028 Quosdam
1232 2958 1460 3043 episcoponrm

502 3058 635 3141 justitiae
655 3059 788 3121 Domini
809 3069 842 3121 et
857 3058 948 3120 robis
969 3058 1074 3120 favere
1094 3079 1161 3120 non
1183 3059 1305 3139 dubito,
1320 3070 1354 3122 et
1368 3083 1461 3125 mex.

505 3161 601 3223 imam
616 3172 736 3244 partem
753 3161 839 3237 cleri,
854 3159 913 3223 etsi
931 3161 979 3221 vel
995 3180 1034 3220 cx
1051 3160 1243 3222 necessitate
1259 3162 1309 3222 vel
1325 3163 1459 3243 pusilla·

504 3261 649 3322 nimitate
676 3259 887 3322 dissimulant.
944 3260 1025 3330 Quis
1055 3260 1141 3323 enim
1172 3261 1320 3343 opinetur
1351 3262 1459 3327 omnia

504 3359 608 3422 sidera
623 3358 782 3420 defectum
797 3359 914 3440 pariter
928 3359 1104 3423 sustinere?

546 3462 593 3523 Ut
607 3480 682 3542 ergo
704 3459 745 3521 de
767 3469 882 3523 caetero
904 3483 1033 3524 manum
1057 3463 1256 3539 contraham,
1274 3464 1459 3542 consilium,

503 3563 591 3646 quod
620 3583 639 3625 a
669 3584 720 3625 me
750 3563 901 3646 queritis,
931 3563 1083 3643 ingenioli
1113 3563 1177 3625 mei
1205 3564 1285 3625 vires
1315 3565 1458 3642 excedit,

501 3687 607 3750 neque
618 3686 769 3749 umquam
784 3677 819 3728 ut
829 3665 862 3727 in
875 3685 980 3746 regem
996 3665 1162 3727 dominum
1172 3675 1308 3727 restrum
1324 3665 1457 3729 anathes

502 3768 608 3846 matis,
618 3769 714 3831 autin
726 3768 915 3835 innocentes
927 3767 1016 3848 regni
1031 3766 1140 3836 feratis
1155 3766 1346 3829 seutentiam
1360 3768 1456 3830 inter,

502 3866 591 3947 dicti,
601 3869 813 3954 praecipitabo
828 3868 1007 3931 consilium.
1052 3867 1168 3930 Adhuc
1185 3867 1288 3932 fixum
1304 3881 1353 3931 cst
1368 3868 1454 3951 apud

501 3991 564 4044 me,
593 3971 680 4052 quod
717 3971 847 4033 auribus
877 3970 989 4033 vestris
1017 3969 1160 4033 intimavi
1196 3968 1284 4051 apud
1315 3979 1454 4032 castrum

492 4062 705 4148 Theoderici,
720 4093 780 4133 nec
797 4073 838 4133 ab
854 4072 909 4134 illa
923 4071 1042 4134 recedo
1059 4071 1226 4133 sententia.
1272 4071 1360 4143 Quid
1374 4071 1455 4134 illud

499 4170 551 4245 sit,
575 4170 709 4250 potestis
735 4170 927 4250 meminisse,
952 4172 1027 4254 quia
1054 4171 1139 4234 idem
1171 4171 1367 4247 sentiebatis,
1391 4172 1453 4234 hoc

478 4313 485 4333 .
499 4282 604 4334 tamen
621 4267 749 4351 adjicio,
764 4280 800 4331 ut
819 4291 914 4352 super
932 4273 1028 4336 biset
1044 4274 1117 4336 aliis
1132 4294 1204 4356 quae
1223 4283 1337 4355 postea
1352 4295 1453 4335 emer-

499 4381 616 4443 serunt,
633 4368 808 4433 consulatis
824 4368 989 4434 dominum
1007 4374 1253 4446 Pictavieusem,
1271 4384 1304 4436 et
1318 4374 1453 4436 aliorum
