3667 5475
477 778 536 840 188
735 786 870 834 saturus
885 784 1163 831 saunsusmuusrs
1332 768 1379 851 [a.
1396 786 1429 830 n.

471 953 607 1008 vestrum
633 961 815 1025 exequerer.
869 940 921 1001 De
947 959 1022 1018 rege
1051 947 1084 1000 et
1111 937 1299 1020 proceribus
1325 938 1428 1001 multa

469 1051 695 1126 percunctatus
721 1050 780 1116 est,
802 1039 860 1101 sed
885 1059 945 1120 ego
967 1038 1144 1121 temperavi
1166 1058 1369 1121 responsum,
1392 1049 1428 1102 ut

467 1164 520 1208 me
545 1164 605 1206 nec
631 1141 671 1205 de
697 1139 866 1204 mendacio
893 1139 1092 1205 couscientia
1116 1138 1341 1223 reprehendat,
1363 1160 1426 1204 nec

468 1243 677 1309 temeritatem
700 1262 804 1305 meam
827 1241 861 1302 in
885 1240 948 1317 his,
969 1262 1041 1324 quae
1064 1240 1105 1303 ad
1131 1261 1237 1322 regem
1264 1251 1426 1323 spectant,

470 1345 638 1430 quisquam
672 1343 773 1426 possit
801 1362 941 1424 arguere.
996 1342 1126 1404 Vestras
1156 1362 1230 1405 vero
1260 1342 1428 1423 angustias

469 1445 605 1510 audiens
620 1444 709 1507 vobis
731 1464 920 1528 compassus
942 1453 1000 1521 est,
1014 1441 1235 1526 auxiliumque
1258 1440 1427 1525 promittit.

468 1548 576 1611 Nares
606 1546 723 1611 etenim
754 1544 948 1629 procurabit,
974 1544 1003 1607 si
1027 1543 1090 1608 hoe
1117 1544 1291 1608 necessitas
1319 1550 1426 1610 vestra

469 1646 621 1729 exegerit,
637 1656 670 1709 et
690 1646 760 1728 ipse
782 1654 868 1721 ante,
886 1656 921 1707 ut
943 1652 1078 1726 oportet,
1100 1651 1343 1726 praemoneatur.
1389 1645 1426 1709 si

466 1768 542 1811 vero
557 1747 599 1811 ad
614 1747 677 1810 hoc
693 1767 750 1808 vos
770 1752 943 1830 tempestas
957 1744 1128 1827 impulerit,
1143 1743 1326 1826 praemittite
1349 1753 1426 1809 ante

467 1856 524 1912 aut
537 1847 724 1930 Philippum
739 1855 915 1928 emptorem
931 1854 1082 1922 vestrum,
1094 1842 1149 1926 qui
1165 1850 1197 1906 et
1211 1842 1338 1907 comitis
1349 1865 1427 1908 auc·

469 1949 592 2014 toritate
618 1957 737 2026 utatur,
762 1956 795 2011 et
821 1966 894 2009 cum
921 1945 1027 2010 nautis
1052 1953 1085 2007 et
1110 1944 1304 2022 vectoribus,
1330 1958 1427 2028 prout

471 2048 659 2134 expedierit,
685 2048 862 2112 contrahat.
906 2044 962 2109 Sic
989 2066 1009 2109 a
1037 2044 1154 2111 comite
1182 2044 1349 2123 recedens,
1373 2044 1429 2110 die

472 2151 622 2235 sequenti
638 2150 833 2213 Noviomum
849 2148 933 2211 veni.

514 2253 560 2315 Et
573 2252 684 2314 nescio
699 2272 763 2334 quo
778 2250 929 2333 praepetis
943 2261 977 2314 et
990 2250 1142 2335 inquietae
1153 2250 1246 2314 farnae
1260 2251 1428 2335 praeconio

469 2354 635 2419 calamitas
665 2349 854 2432 Anglorum,
880 2352 1150 2434 ecclesiarumque
1179 2351 1318 2428 vexatio,
1346 2373 1428 2435 quo-

471 2475 610 2538 cumque
636 2450 815 2530 veniebam,
840 2453 943 2515 suerat
971 2452 1150 2532 divulgata:
1188 2463 1225 2515 ut
1253 2452 1298 2515 ibi
1325 2455 1429 2517 multa

470 2554 613 2619 audirem
629 2562 719 2635 geste
732 2554 766 2616 in
786 2563 947 2617 conventu
970 2552 1194 2616 Londoniensi
1216 2562 1248 2616 et
1262 2552 1429 2617 Wintoni·

469 2656 550 2734 ensi,
565 2677 637 2741 quae
651 2656 686 2718 in
701 2655 818 2738 Anglia
833 2676 999 2740 nunquam
1014 2654 1186 2719 audieram.
1228 2654 1274 2717 Et
1289 2654 1426 2739 quidem

470 2760 633 2843 pleraque,
648 2768 683 2820 ut
704 2757 752 2834 fit,
766 2756 887 2841 majora
909 2768 942 2820 et
962 2758 1072 2841 pejora
1093 2757 1176 2820 veris
1197 2755 1426 2821 referebantur.
1528 2754 1537 2833 ζ

470 2861 543 2942 Ego
555 2871 663 2923 autem
674 2860 744 2922 haec
758 2859 875 2934 omnia,
887 2879 959 2939 quae
971 2879 1029 2940 per
1044 2880 1099 2921 ora
1114 2858 1226 2941 populi
1238 2858 1428 2936 volitabant,

469 2958 701 3023 studiosissime
718 2958 978 3021 dissimulabam:
1002 2957 1060 3021 sed
1074 2979 1134 3021 nec
1158 2959 1320 3021 simulanti
1334 2978 1426 3040 pros·

468 3082 548 3143 pera
575 3062 671 3143 plene
700 3060 900 3135 credebatur,
931 3080 990 3122 nec
1030 3058 1162 3122 adversa
1199 3059 1425 3124 dissimulanti.

469 3160 628 3244 Quodque
646 3160 816 3235 miremini,
831 3180 939 3222 comes
962 3159 1205 3223 suessionensis
1220 3181 1259 3222 ea
1281 3159 1343 3239 die,
1361 3182 1427 3244 qua

468 3260 620 3323 Noviomi
636 3281 733 3335 eram,
747 3279 858 3321 omnes
873 3260 1024 3322 articulos
1047 3260 1296 3338 Londonieusis,
1311 3263 1424 3345 nescio

471 3359 678 3423 conciliabuli
693 3369 749 3422 aut
764 3359 960 3422 disciliabuli
980 3360 1098 3438 dicam,
1113 3361 1237 3425 decano
1259 3363 1306 3425 ita
1328 3364 1426 3427 seria·

470 3459 526 3523 tim
542 3460 704 3542 exposuit,
719 3481 757 3523 ac
773 3460 801 3523 si
814 3460 1010 3525 interfuisset
1030 3463 1177 3526 omnibus
1192 3484 1344 3546 praesens,
1358 3485 1425 3526 non

470 3559 567 3624 modo
582 3561 633 3624 his
648 3584 720 3645 quae
737 3562 770 3625 in
784 3547 904 3646 palatio
929 3572 1019 3644 gesta
1041 3573 1123 3643 sunt,
1140 3564 1197 3627 sed
1223 3586 1294 3648 quae
1319 3585 1425 3628 secre-

469 3662 591 3727 tissime
608 3665 647 3727 ab
660 3664 710 3727 his
721 3666 770 3727 vel
786 3665 826 3727 ab
841 3664 906 3726 illis
921 3663 1009 3728 dicta
1024 3675 1098 3728 sunt
1110 3665 1144 3727 in
1156 3666 1311 3728 conclavi.
1350 3666 1423 3729 Nec

470 3765 563 3828 facile
579 3765 778 3844 crediderim,
795 3765 872 3848 quin
885 3765 932 3827 ibi
947 3766 1011 3828 sive
1028 3764 1068 3828 de
1084 3766 1149 3829 suis
1164 3767 1230 3829 sive
1245 3765 1286 3829 de
1301 3776 1425 3831 nostra·

469 3866 556 3931 tibus
570 3878 685 3931 cautos
701 3860 922 3950 exploratores
937 3866 1107 3930 habuerint
1127 3864 1225 3931 Galli.
1271 3869 1426 3931 Decanus

468 3979 574 4031 autem
601 3971 839 4046 Noviomensis,
866 3969 911 4030 vir
939 3969 1148 4051 integerrimae
1175 3969 1263 4046 fidei,
1290 3989 1426 4034 concus-

470 4069 591 4130 sionem
608 4079 741 4131 vestram
761 4091 827 4131 non
851 4070 920 4132 sine
945 4071 1047 4133 multo
1072 4070 1183 4134 dolore
1206 4069 1367 4133 audierat:
1393 4081 1426 4133 et

469 4189 502 4231 sc
518 4167 628 4230 advos
642 4168 864 4250 recipiendum
879 4181 1048 4254 praeparat,
1060 4193 1125 4233 non
1139 4169 1235 4235 modo
1248 4191 1305 4234 sua
1316 4169 1426 4233 omnia

469 4268 671 4350 expositurus
696 4289 753 4350 pro
767 4270 870 4345 vobis,
886 4271 944 4333 sed
959 4292 1018 4352 pro
1034 4270 1259 4334 cantuariensi
1278 4270 1429 4348 ecclesie,

469 4370 496 4432 si
514 4368 699 4452 oportuerit,
714 4369 853 4451 seipsum
879 4372 1050 4452 positurus
1096 4373 1291 4436 Decreverat
1316 4380 1426 4435 autem
