3667 5475
493 773 551 835 138
751 787 887 832 soauxrs
903 785 1181 829 sanassenressrs
1343 767 1395 858 [a.
1415 786 1451 829 n.

488 1034 727 1100 EPISTOLA
749 1033 1448 1097 XCIIL-aurerscoeunsonwrcrssau.

769 1186 933 1266 Episcopo
949 1187 1159 1247 Norroicensi.

532 1335 677 1397 Drtccrr
693 1332 749 1395 filii
773 1332 871 1395 nostri
888 1333 1081 1413 R[icardus]
1100 1331 1140 1394 de
1156 1335 1330 1410 Dractona,
1345 1348 1378 1398 et
1398 1338 1446 1399 A.

485 1434 585 1499 l'rater
606 1435 687 1519 ejus,
704 1456 760 1497 sua
781 1433 872 1497 nobis
894 1433 1121 1517 conquestione
1142 1432 1290 1498 flebiliter
1313 1458 1448 1520 sugges-

487 1548 608 1614 serunt,
637 1534 725 1620 quod
754 1536 786 1597 in
820 1534 971 1620 injuriam
1012 1555 1174 1596 sacrorum
1206 1537 1374 1600 Canonum
1412 1552 1446 1602 et

487 1651 625 1702 nostram
656 1661 676 1701 a
704 1636 770 1699 filio
797 1652 903 1701 nostro
930 1639 971 1699 R.
996 1635 1217 1699 archidiacono
1247 1638 1447 1702 Norwiceusi

486 1738 604 1825 injuste
625 1737 751 1803 tractati
772 1750 857 1813 sunt,
880 1760 937 1801 nec
960 1737 1005 1799 eis
1029 1737 1169 1822 potuerit
1193 1738 1281 1823 apud
1305 1738 1444 1802 eundem

487 1840 744 1905 archidiaconum
761 1838 948 1925 interposita
963 1838 1136 1924 appellatio
1151 1840 1330 1923 suffragari.
1375 1841 1447 1904 Ad-

483 1940 998 2027 jiciuntetiam,quod,postquam
1008 1940 1160 2004 sueratad
1169 1962 1226 2003 nos
1235 1940 1445 2026 appellatum,

486 2043 669 2107 fraternitas
682 2055 785 2105 vestra
800 2042 860 2105 sub
877 2045 974 2127 regiae
984 2041 1137 2125 jussionis
1149 2042 1282 2106 obtentu
1299 2042 1442 2128 quadam

486 2145 624 2228 imagine
645 2143 759 2227 judicii
781 2142 974 2229 jamdictum
1001 2145 1042 2207 A.
1069 2143 1276 2207 advocatione
1300 2144 1441 2211 ecclesiae

489 2245 522 2309 S.
533 2243 672 2308 Andreae
688 2244 729 2307 de
744 2244 863 2329 Ringet
879 2257 992 2308 conata
1008 2244 1049 2309 sit
1060 2245 1206 2330 spoliare,
1218 2257 1255 2309 ut
1270 2246 1302 2308 iu
1318 2247 1439 2329 R[ad.]

485 2359 672 2409 extraneum
695 2346 933 2422 transferretur,
949 2346 1034 2410 unde
1057 2359 1090 2410 et
1110 2347 1195 2411 idem
1212 2347 1331 2429 R[ad.]
1356 2371 1442 2411 ausu

486 2446 649 2531 sacrilego,
678 2446 866 2511 assentiente
896 2447 968 2527 sibi,
997 2448 1052 2511 sed
1080 2460 1112 2513 et
1150 2452 1367 2534 patrocinante
1400 2456 1440 2515 R.

486 2549 719 2627 archidiacono,
731 2550 919 2635 praedictam
934 2550 1096 2614 eeclesiam
1112 2563 1286 2615 memorato
1301 2552 1443 2616 Ricardo

488 2655 545 2738 qui
559 2674 629 2715 eam
647 2650 771 2738 judicio
787 2664 905 2729 nostro,
921 2663 952 2713 et
968 2651 1104 2715 fratrum
1127 2652 1183 2737 qui
1204 2651 1348 2729 aderant,
1365 2653 1443 2738 legi-

488 2753 564 2819 time
594 2753 788 2839 possidebat,
818 2757 1024 2838 praesumpsit
1046 2756 1194 2820 auferre.
1256 2756 1360 2840 Super
1389 2756 1441 2820 his

486 2868 593 2946 autem
609 2855 685 2942 qnia
698 2856 832 2919 testibus
847 2868 878 2919 et
894 2855 1112 2919 instrumentis
1124 2856 1214 2920 nobis
1226 2852 1321 2918 fidem
1338 2855 1440 2920 facere

489 2960 589 3044 parati
605 2974 694 3022 erant
708 2981 769 3021 non
787 2961 951 3043 potuimus
966 2981 1027 3020 non
1045 2959 1173 3020 moveri.
1215 2959 1439 3035 Veruntamen,

488 3073 524 3124 ut
550 3065 662 3125 merita
693 3061 791 3124 totius
821 3083 925 3124 causae
952 3060 1090 3144 partium
1116 3046 1287 3124 assertione
1313 3060 1440 3145 plenius

486 3183 703 3244 agnoscamus,
729 3160 898 3223 terminum
924 3182 1018 3244 quem
1048 3173 1152 3223 vestra
1176 3160 1304 3224 dilectio
1330 3173 1441 3245 postu-

486 3261 575 3338 lavit,
588 3261 732 3347 partibus
747 3261 900 3324 duximus
914 3261 1159 3344 indulgendum,
1170 3264 1318 3327 omnibus
1333 3277 1439 3327 tamen

485 3363 517 3425 in
545 3362 667 3426 irritum
693 3361 864 3437 devocatis,
890 3387 962 3448 quae
987 3378 1058 3449 post
1086 3364 1329 3450 appellationem
1357 3388 1438 3450 prae·

485 3475 612 3546 sumpta
627 3476 711 3527 sunt.
758 3463 850 3527 Licet
865 3464 949 3527 enim
965 3463 1125 3528 interdum
1142 3465 1280 3550 propriae
1296 3487 1438 3550 personae

485 3563 704 3644 aequanimiter
730 3564 860 3651 injurias
890 3577 1128 3650 supportemus,
1154 3565 1303 3650 injuriam
1332 3578 1438 3628 tamen

484 3679 600 3730 sanctae
617 3669 770 3733 Cantuar.
791 3667 941 3741 ecclesiae,
958 3679 990 3730 et
1006 3677 1225 3752 contemptum
1247 3665 1331 3760 sedis
1348 3669 1438 3751 Apo·

484 3768 614 3849 stolicae,
639 3770 732 3855 cujus
759 3769 826 3832 vice
851 3767 1027 3852 fungimur,
1052 3767 1251 3830 dissimulare
1274 3790 1338 3830 non
1365 3789 1439 3852 pos-

484 3891 605 3945 sumne,
630 3895 686 3934 nec
712 3871 874 3934 debemus.
922 3868 1119 3953 Hujusmodi
1144 3892 1220 3954 ergo
1247 3867 1438 3932 auctoritate

483 3994 566 4056 saepe
581 3973 683 4036 fatum
697 3973 954 4037 archidiaconum
972 3970 1150 4047 Dominica,
1163 3995 1229 4056 qua
1244 3969 1439 4049 cantabitur,

486 4074 627 4136 Caritate
640 4078 789 4150 Domino,
800 4087 908 4137 nostro
918 4073 1107 4158 'conspectui
1121 4095 1273 4159 apparere
1286 4071 1438 4158 jubeatis,

483 4172 718 4256 praenominatis
733 4173 886 4237 fratribus
902 4174 1075 4256 R[icardo]
1095 4193 1126 4237 et
1144 4178 1185 4236 A.
1201 4197 1297 4258 super
1312 4173 1437 4237 damnis

482 4286 513 4336 ct
525 4272 649 4356 injuriis
661 4295 895 4357 responsurum,
911 4289 943 4339 et
960 4275 1184 4352 inobedientia,
1202 4290 1233 4340 et
1250 4287 1436 4359 contemptu

480 4371 598 4438 domini
622 4397 712 4460 papae
733 4388 763 4439 et
789 4390 907 4452 nostro,
933 4390 964 4440 et
992 4378 1235 4463 participatione
1262 4375 1433 4459 sacrilegii,
