3667 5475
388 758 503 837 1166]
766 768 949 813 uastum.
1276 754 1344 813 sto

382 926 489 989 refert
533 924 621 986 Nam
640 923 839 1005 quicumque
858 941 918 1002 pro
930 921 1061 1002 justitia
1081 921 1210 1002 patitur,
1223 930 1341 1001 martyr
1368 947 1373 955 ·

383 1018 1341 1102 emidestTestisjnstitiaassertoreameristi.

384 1120 753 1207 Sedqnnrsumbaec?
802 1122 879 1182 Scio
912 1121 1013 1195 enim,
1046 1119 1224 1184 secundum
1252 1120 1341 1203 quod

384 1226 538 1309 praesagit
551 1225 689 1298 animus,
703 1220 793 1304 quod
813 1243 875 1284 rex
892 1235 1028 1285 mtenns
1045 1244 1113 1285 nnn
1128 1222 1342 1295 convalescet,

385 1338 424 1394 ut
439 1326 481 1389 de
496 1326 668 1387 securitate
682 1324 737 1402 agi
750 1335 908 1405 oporteat,
918 1334 953 1385 et
965 1324 1042 1405 qnia
1053 1325 1112 1385 illa
1124 1324 1352 1424 mbusneima‘

385 1428 541 1490 columna
563 1425 677 1506 templi
699 1424 791 1499 dicit,
814 1422 905 1505 qnod
930 1424 1084 1507 quicquid
1109 1424 1216 1505 agitis,
1236 1426 1343 1488 extol·

387 1528 498 1591 lentim
519 1537 579 1603 est,
593 1537 650 1589 ant
670 1525 737 1587 ine.
775 1524 865 1586 Huic
880 1525 1028 1606 opinioni
1042 1524 1273 1587 occurrendum
1293 1537 1346 1589 est

387 1628 590 1693 exhibitione
601 1625 914 1700 modeniionistam
928 1626 962 1686 in
977 1626 1072 1688 sactis
1085 1636 1118 1687 et
1128 1624 1236 1700 dictis,
1246 1647 1344 1708 qnam

390 1731 426 1794 in
441 1740 536 1810 gestu
549 1739 583 1791 et
595 1727 730 1800 bebium
750 1723 840 1808 quod
856 1737 966 1787 tamen
985 1725 1072 1808 apud
1088 1727 1265 1789 Dominum
1278 1748 1346 1789 non

389 1832 526 1895 multum
541 1828 685 1913 prodest,
700 1828 763 1889 nisi
778 1825 821 1888 de
835 1848 953 1889 menno
967 1828 1172 1890 eonscientiae
1187 1825 1330 1910 prodeat.

435 1932 488 1995 De
508 1930 638 2011 negotio
667 1928 901 1991 saresberiensi
929 1930 1049 2005 recolo,
1070 1928 1160 2011 qnod
1185 1950 1229 1991 ex
1253 1938 1346 2012 parte

390 2034 536 2118 episcopi
564 2044 599 2095 et
626 2030 787 2107 ecclesiae,
812 2028 853 2091 de
878 2031 1057 2093 intrusione
1085 2029 1212 2104 decani,
1237 2030 1346 2093 andivi

392 2137 571 2213 vobiscum,
586 2146 619 2197 et
633 2133 863 2215 episcoporum
884 2133 1169 2210 circumventione,
1184 2135 1240 2218 qni
1261 2132 1348 2216 epis·

392 2258 509 2320 copam
540 2247 575 2298 et
602 2233 788 2298 Ecclesiam
825 2254 884 2295 sno
912 2235 1051 2297 consilio
1079 2233 1278 2299 induxerunt
1305 2233 1349 2300 ad

393 2336 678 2418 transgressionem
698 2332 870 2415 apostolici
891 2332 1053 2397 mandati:
1081 2344 1115 2397 et
1135 2336 1164 2397 si
1185 2335 1272 2418 apud
1293 2335 1352 2398 bo·

393 2438 510 2512 mines,
538 2435 623 2498 sicat
646 2435 719 2517 jure
747 2445 880 2496 cantum
909 2445 970 2510 est,
992 2436 1072 2497 nulli
1101 2437 1351 2516 patrocinabitur

395 2538 493 2601 dolus
514 2556 602 2612 suns,
615 2535 718 2596 multo
737 2534 847 2596 minus
859 2535 1114 2617 patrocinabitur
1128 2534 1215 2617 apud
1237 2536 1352 2599 Domi-

391 2661 482 2715 num,
498 2633 554 2721 qui
568 2634 734 2718 disperdet
752 2636 841 2697 labia
860 2633 985 2704 dolosa,
1000 2647 1034 2698 et
1056 2632 1258 2719 prudentiam
1274 2656 1349 2717 pru-

393 2740 525 2804 dentum
550 2737 744 2821 reprobabit
788 2737 835 2799 Et
857 2737 943 2799 sicut
969 2737 1049 2799 mibi
1078 2738 1121 2799 ab
1146 2739 1225 2800 urbe
1250 2738 1349 2818 signi·

395 2841 526 2905 ficetum
555 2849 616 2911 est,
646 2849 680 2901 et
708 2858 769 2918 ego
794 2838 885 2900 robis
915 2838 1082 2920 scripsisse
1119 2860 1170 2901 me
1207 2837 1350 2914 memini,

395 2941 546 3011 dominus
571 2959 657 3021 papa
671 2936 742 3021 jam
765 2947 902 3002 vestram
924 2939 1116 3002 sententiam
1139 2940 1349 3021 confirmavit,

396 3043 461 3107 imo
475 3062 564 3105 suam
582 3039 759 3102 vindicavit
771 3039 932 3120 injuriam.

440 3144 492 3205 De
520 3141 736 3225 appellatione
764 3140 989 3225 episcoporum
1014 3142 1094 3227 quid
1122 3144 1257 3206 sentiam
1286 3165 1352 3208 non

397 3245 513 3318 silebo,
527 3243 604 3326 quia
625 3241 717 3304 liberi
739 3262 808 3305 esse
831 3243 957 3321 nolunt,
971 3244 1070 3306 timeo
1086 3265 1127 3306 ne
1148 3253 1364 3328 perpetuetur

398 3366 508 3408 eornm
532 3342 677 3419 servitus,
697 3341 770 3426 jure
793 3342 935 3426 quidem,
958 3346 1034 3431 qnia
1056 3367 1156 3431 quum
1180 3367 1284 3410 annus
1304 3366 1354 3412 re·

398 3447 561 3511 missionis
582 3445 722 3521 adesset,
744 3467 847 3508 annus
869 3446 1020 3510 videlicet
1041 3449 1160 3528 gratiae,
1183 3447 1353 3513 ecclesiam

398 3548 433 3611 in
447 3549 626 3612 libertatem
643 3546 818 3620 evocantis,
834 3561 907 3628 post
922 3567 981 3610 sex
995 3568 1098 3609 annos
1113 3547 1230 3629 quibus
1244 3548 1354 3621 afflicti

398 3657 502 3722 erant,
527 3646 621 3728 quasi
644 3645 678 3708 in
704 3647 772 3708 luto
795 3656 828 3708 et
850 3647 961 3722 latere,
986 3645 1176 3721 maluerunt,
1200 3665 1240 3708 eo
1266 3646 1353 3733 quod

399 3744 535 3828 quidam
563 3764 674 3807 eornm
703 3763 821 3816 uxores
851 3743 1019 3821 duxerant,
1044 3764 1177 3826 quarum
1206 3755 1355 3811 tenentur

400 3844 582 3917 affectione,
605 3845 659 3908 alii
681 3845 763 3929 juga
791 3845 889 3906 boum
917 3844 1055 3927 plurima
1085 3843 1274 3925 adunarunt,
1298 3846 1354 3911 alii

399 3947 660 4013 thesaurizabant
679 3946 861 4029 pecuniam,
881 3945 1062 4010 nescientes
1084 3956 1189 4010 tamen
1205 3945 1259 4010 cui
1274 3968 1353 4014 con·

402 4060 561 4130 gregetur,
576 4048 631 4111 alii
653 4047 724 4111 aliis
744 4058 777 4111 et
792 4047 884 4110 variis
899 4047 1115 4130 voluptatibus
1138 4068 1172 4112 se
1188 4046 1355 4130 dederunt,

403 4157 438 4212 et
450 4160 613 4232 premente
635 4149 764 4232 sejugo
786 4148 848 4211 sibi
870 4148 1065 4233 placentium
1080 4149 1238 4227 vitiorum,
1253 4153 1354 4218 malu-

403 4259 505 4328 erunt,
525 4250 670 4333 inquam,
692 4249 725 4310 in
749 4249 883 4333 antiqua
907 4249 1055 4314 servitute
1078 4253 1189 4329 teneri,
1210 4263 1243 4317 et
1264 4273 1354 4318 aures

401 4372 476 4425 suas
501 4351 652 4437 perforari
683 4352 797 4415 subula
823 4363 987 4436 perpetuae
1018 4353 1188 4432 servitutis,
1214 4354 1290 4437 quia
1325 4374 1359 4419 se
