3667 5475
431 780 472 839 74
691 794 829 839 soaanrs
844 792 1122 838 saansaaarnnsrs
1290 775 1336 853 [n.
1354 794 1386 838 n.

430 942 549 1030 requiri
563 953 691 1029 oportet
705 967 746 1008 ex
762 966 816 1007 ore
830 966 958 1008 eorum:
984 944 1132 1009 custodes
1144 946 1227 1009 enim
1243 946 1386 1011 scientim

431 1058 515 1125 sunt,
530 1058 563 1109 et
578 1048 768 1109 auctoritate
793 1069 859 1132 qua
881 1046 1101 1131 praeeminent,
1116 1060 1259 1131 possunt,
1275 1060 1307 1112 et
1331 1048 1388 1111 de-

431 1148 519 1227 bent,
549 1165 585 1212 ut
615 1148 647 1210 in
678 1171 711 1211 se
739 1165 943 1214 concurrant,
960 1148 1086 1235 populi,
1116 1148 1281 1233 imperare.
1334 1152 1387 1215 Te

430 1248 556 1313 interim
573 1249 683 1314 domui
699 1262 765 1313 tuae
780 1248 955 1337 composita
969 1273 1047 1336 pace
1067 1250 1228 1335 quiescere
1251 1252 1387 1316 arbitra-

431 1351 499 1426 bar,
514 1350 663 1437 ignorans
682 1374 722 1414 an
746 1364 778 1416 te
792 1352 930 1415 visurus·
943 1366 1024 1416 esset
1047 1350 1163 1437 aliquis
1188 1375 1308 1428 eorum,
1325 1355 1385 1439 qui

432 1454 678 1538 egrediebantur
693 1477 710 1517 a
723 1454 842 1519 finibus
852 1454 979 1519 nostris,
1012 1456 1094 1517 Nam
1107 1476 1206 1539 quum
1219 1453 1259 1517 de
1270 1458 1387 1520 vestris

430 1556 560 1641 plurimi
582 1570 792 1634 revertantur,
808 1579 900 1620 nemo
923 1569 1040 1643 praeter
1064 1556 1261 1620 Willelmum
1284 1558 1385 1622 medi-

432 1680 504 1722 cum
521 1659 599 1724 mihi
614 1677 680 1725 tuae
695 1659 896 1723 salutationis
911 1658 1087 1744 alloquium
1103 1658 1288 1743 reportarit.
1331 1659 1387 1722 Vi-

432 1758 508 1824 disti
528 1775 634 1826 tamen
650 1760 802 1825 dedomo
823 1773 856 1824 et
879 1781 988 1823 mensa
1008 1760 1129 1823 domini
1149 1759 1209 1822 mei
1231 1759 1388 1844 plurimos

430 1863 610 1928 redeuntes.
654 1867 707 1927 Tu
726 1861 857 1948 quidem
880 1862 949 1927 haec
971 1861 1085 1940 fecisti,
1100 1874 1132 1925 et
1155 1861 1254 1926 tacui:
1285 1865 1386 1927 immo

434 1978 470 2029 tu
496 1964 633 2039 tacuisti,
660 1977 692 2028 et
718 1988 778 2048 ego
806 1964 955 2029 conticui.
1004 1962 1129 2048 Negare
1154 1986 1215 2026 non
1242 1986 1386 2050 possum,

432 2070 511 2152 quin
526 2065 673 2149 pluribus
689 2066 926 2130 transeuntibus
937 2087 1066 2151 operam
1078 2064 1232 2144 dederim,
1243 2051 1386 2153 quorum

431 2165 613 2241 nonnullos,
633 2178 671 2229 ut
692 2166 753 2229 tibi
773 2166 807 2228 in
827 2187 904 2228 aure
924 2165 1050 2251 loquar,
1066 2187 1138 2229 cum
1159 2165 1274 2230 litteris
1288 2165 1330 2228 ad
1354 2178 1387 2231 te

432 2266 628 2353 perferendis
657 2266 809 2332 libentius
838 2267 1038 2345 dimisissem,
1064 2290 1160 2354 quam
1189 2291 1262 2332 cum
1289 2270 1387 2333 variis

432 2369 635 2455 portionibus
659 2369 863 2455 supellectilis
888 2392 980 2446 meae,
1007 2393 1070 2455 qua
1099 2393 1150 2433 me
1180 2368 1386 2434 militantium

434 2470 565 2536 nudavit
587 2473 784 2558 improbitas.
829 2476 997 2537 Postremo
1018 2474 1132 2557 genius
1153 2472 1243 2550 mibi,
1267 2486 1302 2538 ut
1328 2474 1388 2554 ais,

432 2573 538 2638 fuerat
554 2574 805 2655 defraudandus,
819 2589 851 2640 et
871 2576 1064 2640 somniorum
1088 2576 1267 2655 dulcedine,
1281 2592 1314 2639 et
1337 2600 1389 2640 so-

433 2678 653 2743 lemnitatibus
670 2679 847 2767 epularum.
893 2678 988 2744 Nosti
1004 2680 1161 2765 siquidem
1185 2677 1258 2763 quia
1274 2677 1386 2764 volup-

434 2781 510 2844 tatis
532 2794 705 2846 amatorem
727 2782 806 2846 nihil
828 2781 916 2846 aliud
940 2780 1117 2867 impedivit.
1163 2781 1246 2844 Nam
1264 2779 1387 2844 domini

435 2882 495 2946 mei
506 2883 742 2970 amicorumque
752 2884 890 2968 negotia,
904 2885 960 2947 sed
975 2905 1031 2945 nec
1043 2905 1152 2945 curam
1165 2883 1210 2946 rei
1222 2877 1387 2946 familiaris

433 2985 581 3049 attendis.
614 2989 721 3063 Quum
735 2986 846 3071 itaque
859 2986 1072 3049 innocentiam
1088 3008 1202 3063 meam,
1218 2983 1388 3070 superbiae,

433 3087 647 3171 negligentiae,
663 3098 694 3150 et
710 3087 885 3171 voluptatis
899 3101 975 3152 nota
989 3087 1153 3166 inusseris,
1170 3087 1237 3150 baec
1252 3089 1284 3150 in
1306 3086 1388 3171 epis-

434 3187 508 3267 tola,
524 3189 616 3274 quasi
632 3200 795 3251 conterens
810 3189 897 3253 velut
916 3190 1038 3253 varium
1061 3189 1226 3275 pulverem
1243 3188 1386 3273 pigmen-

434 3291 550 3352 tarium
566 3290 732 3366 miscuisti,
744 3302 775 3354 et
789 3291 865 3372 quia
880 3305 1028 3376 poterant
1044 3313 1237 3354 amarescere
1250 3291 1388 3372 singula,

433 3413 527 3454 aures
548 3391 625 3454 mibi
648 3402 721 3454 ante
743 3391 940 3478 dulciloquio
963 3392 1176 3480 perfricuisti,
1207 3416 1246 3455 ne
1268 3391 1388 3456 intelli·

433 3510 506 3572 gam
530 3489 609 3574 quid
625 3489 774 3574 loquaris.
819 3494 864 3555 Et
880 3492 1021 3555 caritatis
1041 3493 1100 3556 boc
1115 3493 1188 3575 igne
1203 3493 1388 3579 concoquiS,

434 3606 471 3656 ut
496 3593 640 3658 universa
665 3595 833 3679 propinata
856 3595 1052 3661 dulcescant.
1099 3597 1173 3660 Fiat
1196 3619 1273 3681 ergo
1300 3597 1389 3682 quod

434 3693 491 3768 vis,
507 3695 585 3758 cedo
602 3696 726 3782 majori,
742 3708 774 3759 et
789 3695 896 3759 omnia
911 3696 992 3760 bene
1007 3710 1039 3761 et
1054 3698 1152 3762 amice
1168 3697 1373 3783 interpretor.

522 3956 746 4020 EPISTOLA
769 3958 949 4022 LXl.-an
965 3974 1083 4019 aucun
1099 3973 1293 4019 nanurcnn.

680 4079 820 4141 Domino
835 4081 919 4162 Repi
934 4079 1124 4159 Angloram.

480 4208 710 4271 Masasrarnn
730 4211 849 4292 regiam
870 4212 1059 4296 excogitatis
1083 4212 1312 4276 circumvenire
1328 4212 1387 4275 fal-

436 4309 534 4386 laciis,
544 4310 697 4396 sacrilegii
707 4310 807 4401 instar
815 4327 874 4388 est,
886 4313 1061 4398 praesertim
1070 4314 1125 4377 ubi
1135 4314 1387 4400 indignationem

436 4410 601 4496 potestatis
615 4414 767 4480 adversus
787 4413 996 4480 innocentiam
1013 4430 1162 4501 procurat
1184 4417 1286 4493 dolus,
1303 4429 1335 4480 et
1354 4419 1387 4480 in

725 4596 860 4681 rn-ssr‘

831 4687 838 4719 i

795 4722 845 4773 ,εἶ’
886 4730 888 4735 '

698 4778 720 4823 ,fil
745 4776 749 4797 '¹
774 4777 777 4787 '
