3667 5475
480 784 543 844 m
741 793 879 840 scaurus
895 791 1172 839 masnamausrs
1346 776 1393 859 [e.
1410 795 1441 840 n

484 959 558 1033 post
587 947 768 1011 diuturnam
798 957 832 1009 et
860 945 1005 1009 odiosam
1035 944 1115 1008 mihi
1145 965 1270 1009 moram
1298 948 1445 1012 caritatis

483 1060 591 1113 vestre
620 1046 776 1111 sedulitas
804 1046 847 1109 ad
870 1045 1115 1110 instructionem
1141 1067 1246 1109 meam
1271 1050 1438 1132 compegit

483 1150 600 1224 omnia,
615 1171 687 1233 quie
702 1169 744 1211 ex
763 1148 917 1232 opinione
934 1158 1038 1211 vestra
1053 1149 1145 1212 vobis
1161 1150 1275 1213 obesse
1289 1163 1442 1233 poterunt

485 1252 534 1313 vel
549 1250 712 1333 prodesse.
756 1250 801 1312 Et
815 1249 893 1312 iicet
913 1248 1062 1331 quadam
1077 1270 1185 1312 eorum
1200 1270 1258 1332 per
1272 1251 1354 1314 alios
1368 1266 1447 1316 ante

487 1351 700 1433 cognoverim,
729 1350 837 1413 nuilus
867 1362 974 1413 tamen
1003 1350 1052 1411 sic
1085 1349 1258 1431 speciatim
1294 1350 1445 1415 universa

487 1453 622 1535 peregit,
651 1462 686 1516 et
721 1449 856 1532 singula.
910 1451 1053 1513 Fuerunt
1089 1462 1196 1514 amem
1225 1453 1337 1516 omnia
1370 1474 1445 1518 vera

489 1553 635 1633 audistis,
648 1554 726 1618 lieet
741 1552 877 1636 piurima
892 1552 973 1615 falsa
987 1573 1057 1614 esse
1072 1573 1137 1615 nou
1150 1553 1323 1634 ambigam.
1355 1554 1444 1628 Quid

490 1655 578 1721 aliud
608 1658 677 1719 sine
706 1655 819 1719 salutis
849 1652 1021 1736 dispendio
1051 1652 1153 1717 facere
1179 1676 1321 1737 possum,
1347 1677 1442 1739 quam

489 1758 578 1842 quod
597 1778 641 1820 ex
665 1756 845 1820 testimonio
871 1754 1083 1818 conscientiae·
1102 1756 1279 1838 praescribit
1303 1758 1399 1835 ratio,
1412 1769 1445 1821 et

492 1858 565 1941 ipsa
601 1856 699 1921 officii
736 1832 816 1917 mes
844 1852 1023 1917 necessitas
1062 1853 1229 1918 inexorata
1269 1857 1446 1939 compellit

494 1957 613 2021 Nonne
632 1976 730 2038 quum
758 1954 799 2018 ad
825 1952 947 2017 domini
971 1953 1055 2032 regis
1083 1954 1205 2017 curiam
1229 1956 1452 2035 accessissem,

491 2058 525 2121 in
553 2058 641 2120 omni
664 2056 844 2119 humilitate
874 2055 1012 2117 offerens
1042 2076 1277 2143 quamcumque
1301 2058 1447 2121 satisfac-

491 2158 624 2231 tionem,
646 2158 720 2241 jura
749 2156 977 2239 permitterent,
1008 2158 1057 2219 vel
1089 2158 1237 2220 voluutas
1273 2179 1332 2221 sua
1369 2159 1450 2223 mihi

492 2258 660 2335 indiceret,
673 2257 839 2318 honestate
856 2255 1023 2334 incolumi,
1038 2254 1190 2321 exclusus
1211 2280 1281 2321 sum
1304 2280 1323 2321 a
1344 2259 1448 2323 forma

492 2359 595 2443 pacis,
624 2380 697 2442 quae
726 2368 804 2420 tunc
833 2357 987 2439 magistro
1017 2358 1171 2442 Philippo
1201 2361 1311 2423 oblata
1338 2370 1449 2425 estet

492 2458 611 2524 allata?
637 2458 801 2532 Quidnam
817 2470 883 2522 erat
897 2456 1032 2522 ulterius
1047 2458 1253 2522 faciendum?
1278 2462 1447 2547 Numquid

491 2564 712 2649 possessiones
739 2557 819 2645 m‘dri
848 2583 906 2644 pro
943 2563 1014 2644 lege
1052 2563 1184 2629 Domini
1221 2564 1379 2629 uiolenter
1415 2578 1448 2632 et

493 2663 664 2729 crudeliter
694 2662 838 2727 ablataei
878 2662 965 2747 quod
997 2681 1108 2726 secure
1145 2675 1304 2747 protestor
1339 2686 1448 2731 coram

493 2767 636 2831 Domino
666 2766 733 2848 qui,
763 2765 841 2829 velit
876 2764 959 2828 nolit
991 2764 1141 2842 mundus,
1163 2765 1369 2850 judicaturus
1401 2783 1450 2835 est

494 2891 623 2933 causam
638 2869 813 2944 istam,tam
831 2866 915 2950 turpi
931 2876 1020 2930 eraut
1035 2868 1226 2930 commercio
1242 2870 1451 2952 redimendae,

494 2980 530 3033 ut
547 2970 685 3054 jurarem
700 2991 752 3032 me
766 2969 1007 3032 observaturum
1025 2967 1273 3034 consuetudines
1293 2994 1375 3056 quas
1394 2976 1450 3038 lex

495 3073 629 3135 Domini
655 3070 917 3144 condemnator
946 3091 1072 3132 ornnem
1104 3071 1350 3156 archiepiscopo
1381 3097 1453 3139 meo

496 3171 709 3236 obedientiam
740 3169 945 3254 abjurarem?
983 3170 1120 3233 Possent
1148 3171 1218 3234 haec
1249 3173 1293 3235 ad
1321 3177 1449 3240 subver-

496 3276 619 3336 sionem
649 3270 724 3333 fidei
750 3293 830 3334 meae
857 3273 1013 3348 sufficere,
1037 3272 1092 3334 sed
1109 3283 1212 3335 tamen
1227 3275 1362 3340 ulterius
1377 3299 1450 3361 pro·

497 3394 624 3435 cessum
639 3371 733 3433 estin
750 3393 800 3444 ea,
817 3392 890 3455 quae
906 3373 1001 3435 etiam
1020 3374 1061 3435 ab
1080 3373 1267 3437 adversariis
1281 3377 1453 3443 honestius

497 3483 603 3536 essent
625 3472 720 3535 tacita
742 3493 836 3556 quam
860 3496 1021 3557 expressa.
1068 3477 1141 3537 Non
1166 3478 1276 3558 utique
1291 3477 1326 3539 in
1343 3501 1450 3558 regem

495 3575 557 3639 ista
579 3574 723 3652 refundo,
738 3574 795 3638 sed
817 3576 850 3637 in
873 3577 1004 3660 eosqui
1025 3598 1058 3639 se
1078 3577 1220 3640 animum
1238 3577 1309 3662 ejus
1324 3581 1451 3663 plenius

496 3698 592 3741 nosse
614 3677 776 3755 dicebant,
798 3690 962 3760 erantque,
984 3690 1019 3739 ut
1038 3676 1243 3761 jactitabant,
1264 3679 1455 3764 interpretes

496 3779 669 3842 voluntatis
694 3777 772 3861 ejus.
817 3779 892 3861 Ipse
920 3778 1005 3839 enim
1028 3799 1079 3840 me
1106 3779 1254 3842 audiente
1277 3802 1343 3843 non
1367 3781 1450 3845 dixit

497 3880 586 3964 quod
605 3890 660 3943 aut
678 3901 793 3952 meam,
815 3890 870 3942 aut
890 3880 993 3963 ipsius
1017 3879 1171 3943 dedeceat
1191 3881 1401 3961 honestatem,
1415 3884 1454 3967 in

497 4000 601 4063 eoque
616 3982 683 4042 solo
697 3981 802 4062 ipsum
817 4001 950 4062 possum
961 4001 1101 4061 arguere,
1110 3982 1199 4063 quod
1208 4004 1306 4066 quum
1318 4005 1450 4068 respon·

498 4103 571 4145 sum
585 4080 773 4159 flagitarem,
788 4079 828 4141 de
845 4080 1016 4162 dispendio
1036 4102 1138 4143 rerum
1154 4094 1185 4145 et
1204 4085 1356 4165 temporis
1373 4107 1451 4149 con-

498 4201 645 4265 querens,
667 4180 714 4238 sic
743 4179 953 4261 detorquebat
978 4183 1119 4261 verbum,
1141 4195 1177 4246 ut
1203 4197 1266 4247 tam
1294 4187 1450 4270 majestati

496 4295 528 4353 ti
543 4279 702 4345 honestati
725 4301 790 4342 suae
812 4302 906 4362 quam
925 4304 1002 4346 meac
1026 4286 1207 4350 necessitati
1230 4299 1315 4350 esset
1335 4311 1449 4372 usque-

497 4407 624 4482 quaque
655 4381 777 4445 inutile.
829 4382 942 4445 Sciens
972 4407 1048 4464 ergo
1077 4401 1110 4450 et
1140 4389 1291 4469 prudens,
1316 4412 1375 4473 pro
1405 4392 1452 4453 iu·
1493 4387 1503 4408 ’
1583 4406 1585 4413 ‘
