3667 5475
462 787 503 845 36
723 799 859 843 noturus
875 797 1149 844 sanusaaararrsrs
1320 784 1367 864 [s.
1385 805 1413 847 u.

460 973 564 1036 opem,
581 950 758 1036 exploravit
773 948 879 1029 fidem,
894 949 1027 1036 aliisque
1042 950 1100 1013 sibi
1124 971 1184 1035 pro
1205 949 1339 1014 modulo
1355 974 1415 1016 suo

460 1050 689 1125 assistentibus,
700 1050 904 1114 solusfaciem
915 1050 1071 1115 avertistis
1080 1049 1174 1115 indie
1183 1049 1268 1115 belli.
1303 1052 1414 1128 Quum

459 1169 535 1237 ergo
546 1150 632 1238 apud
646 1173 703 1215 vos
714 1150 763 1214 sui
776 1172 884 1213 omncs
896 1150 1053 1236 repulsam
1070 1163 1268 1236 paterentur,
1281 1152 1413 1216 tandem

458 1252 570 1338 ipsein
585 1251 715 1339 propria
729 1271 865 1337 persona
876 1252 1017 1327 accessit,
1030 1250 1086 1314 sed
1102 1273 1164 1315 uon
1179 1265 1227 1315 est
1238 1252 1414 1317 exauditus

457 1376 517 1439 pro
531 1354 705 1419 reverentia
716 1376 783 1417 sua.
819 1353 976 1418 Noluistis
986 1352 1068 1415 enim
1084 1352 1211 1416 differre
1225 1352 1413 1439 prandium,

456 1456 534 1520 dum
549 1458 698 1521 instantis
718 1474 835 1541 pugnae
851 1454 1002 1518 videretis
1016 1468 1174 1519 eventum.
1222 1455 1324 1518 Porro
1346 1454 1413 1518 dis-

455 1558 593 1643 cipulus,
620 1557 675 1644 qui
705 1556 881 1620 Dominum
912 1578 984 1619 cum
1010 1557 1195 1642 juramento
1224 1570 1410 1640 negaverat,

456 1672 590 1744 urgente
620 1658 766 1734 caritate,
790 1657 965 1720 Dominum
996 1658 1190 1742 sequebatur
1220 1672 1255 1721 ut
1283 1657 1409 1721 videret

455 1760 560 1825 linem.
605 1761 669 1823 Vos
691 1770 798 1822 autem
820 1756 993 1821 accessistis
1007 1756 1047 1819 ad
1071 1773 1223 1834 mensam,
1240 1758 1317 1820 dum
1339 1756 1408 1831 ille,

453 1862 505 1926 eui
531 1861 767 1947 promittebatis
792 1862 907 1922 amoris
932 1856 1132 1945 obsequium,
1157 1860 1338 1924 traheretur
1366 1860 1407 1922 ad

452 1985 597 2029 crucem·
635 1962 697 2026 His
712 1984 786 2024 vero
808 1959 849 2024 de
872 1961 975 2024 causis
989 1962 1125 2026 credidit
1141 1983 1194 2025 vos
1217 1962 1303 2025 illius
1327 1983 1407 2027 con-

452 2078 592 2129 temnere
607 2062 807 2139 beneficium,
823 2063 874 2126 cui
890 2063 922 2125 in
945 2075 1034 2127 tanta
1055 2063 1237 2128 necessitate
1257 2063 1408 2131 noluistis

450 2179 603 2250 praestare
624 2164 812 2229 subsidium.
858 2169 931 2249 Ego
946 2188 1020 2228 vero
1042 2167 1119 2229 istas
1142 2179 1174 2229 et
1196 2165 1273 2229 alias
1298 2165 1407 2253 objec-

451 2268 552 2332 tiones
575 2268 656 2352 ejus‚
679 2268 737 2330 etsi
761 2266 838 2330 mihi
861 2266 975 2330 validae
997 2267 1193 2347 viderentur,
1217 2269 1307 2354 quasi
1331 2292 1406 2333 ara·

448 2391 580 2433 nearuur
604 2368 657 2431 {ila
681 2367 821 2444 dissolvi,
846 2380 877 2431 et
901 2368 1029 2432 tandem
1055 2368 1173 2432 homiui
1198 2369 1340 2458 persuasi
1366 2387 1406 2437 ut

448 2494 504 2535 vos
526 2472 609 2535 iuter
630 2470 840 2547 fidelissimos,
861 2483 892 2534 et
916 2471 1121 2535 amicissimos
1143 2482 1280 2556 reputet.
1327 2473 1405 2539 Scio

447 2571 528 2638 enim
542 2572 629 2659 quod
636 2574 735 2659 juxta
744 2572 873 2641 verbum
886 2594 991 2636 meum
1004 2594 1131 2657 operam
1145 2572 1273 2647 dabitis,
1282 2584 1315 2637 et
1327 2574 1403 2640 dili-

445 2674 597 2760 gentiam,
616 2688 651 2740 ut
666 2695 726 2761 ope
742 2685 848 2739 vestra
871 2686 962 2739 tutus
984 2673 1024 2738 sit
1052 2673 1094 2739 ab
1115 2673 1303 2739 aemulorum
1327 2698 1403 2741 suo·

445 2801 515 2842 rum
532 2777 663 2843 insidiis.
711 2777 884 2861 Sexaginta
905 2776 1031 2853 solidos,
1051 2798 1132 2863 quos
1154 2777 1195 2841 ab
1216 2800 1253 2840 eo
1275 2781 1399 2865 accepi,

444 2880 562 2944 tradidi
578 2883 618 2943 A.
636 2894 751 2956 vestro,
768 2903 863 2965 quem
882 2879 1049 2966 oportebat
1068 2901 1191 2942 rasuras
1210 2879 1399 2962 distrahere,

443 2985 469 3047 si
493 2983 677 3046 clericorum
701 2994 877 3045 vestrorum
901 2980 997 3045 vellet
1023 2981 1179 3067 impedire
1205 2980 1395 3048 clamorem:

442 3083 710 3158 anbeneleeerim,
720 3081 908 3145 rescribetis.
939 3086 1097 3148 Praeterea
1108 3082 1244 3168 qualiter
1257 3105 1306 3145 me
1322 3107 1398 3149 cum

441 3185 571 3248 domino
599 3182 719 3247 Eliensi
750 3182 867 3244 versari
894 3196 1050 3268 oporteat,
1078 3183 1258 3257 rescribite3
1294 3207 1335 3248 an
1363 3188 1395 3251 in

440 3286 580 3371 pondere
591 3307 630 3347 an
647 3284 719 3368 puri
731 3285 853 3369 argenti
871 3286 1037 3371 pecuniam
1054 3288 1180 3372 exigere
1193 3287 1334 3351 debeam.
1366 3293 1395 3354 A

439 3385 530 3450 vobis
539 3408 676 3471 namque
684 3400 715 3449 et
725 3408 787 3449 non
798 3386 926 3450 aliunde
936 3388 1120 3451 mandatum
1132 3387 1246 3473 accepi.
1264 3390 1395 3455 Transii

438 3489 521 3552 enim
543 3488 609 3552 fere
629 3510 694 3551 rem
715 3488 843 3551 omnino
865 3511 927 3552 non
947 3491 1211 3574 proetereundam,
1227 3512 1330 3575 quum
1351 3492 1393 3556 ad

436 3589 684 3655 incolumitatem
706 3591 834 3654 honoris
853 3605 885 3654 et
908 3591 1057 3654 utilitatis
1081 3604 1194 3654 vestrae
1214 3590 1390 3676 plurimum

437 3696 635 3778 spectaverit.
680 3696 713 3757 Si
730 3694 877 3757 dominus
895 3693 1104 3756 Eboracensis
1119 3716 1224 3777 regem
1241 3716 1392 3758 coronare

435 3795 485 3858 vel
508 3795 631 3881 aliquid
657 3794 746 3859 aliud
771 3794 925 3858 adversus
948 3793 1109 3856 ecclesiam
1134 3795 1321 3859 temeritatis
1344 3796 1393 3860 iu-

435 3899 551 3962 stinctu
565 3896 667 3961 moliri
678 3897 847 3960 tentaverit
856 3896 888 3958 in
900 3895 1062 3981 provincia
1072 3909 1189 3974 nostra,
1198 3895 1296 3958 nolite
1305 3919 1391 3959 com-

435 4002 594 4060 municare
617 3996 674 4071 illi,
690 3995 743 4059 sed
767 4019 879 4059 ausum
903 3996 1077 4080 reprimite,
1100 3997 1176 4080 quia
1199 3996 1388 4081 injuriarum

433 4110 612 4161 nostrarum
624 4096 710 4158 ultor
717 4108 765 4159 est
776 4098 935 4159 Dominus
945 4097 1102 4160 ultionum
1112 4099 1389 4162 Cantuariensium

434 4202 538 4261 Deus:
563 4196 588 4257 si
605 4191 709 4258 tameir
731 4218 787 4258 vos
806 4197 1007 4281 aquilonares
1029 4200 1119 4262 sedes
1135 4213 1241 4262 nostra
1258 4198 1339 4263 laesit
1359 4198 1392 4262 in

431 4299 549 4384 aliquo,
565 4295 741 4358 satisfacere
761 4298 901 4382 prompti
927 4320 1047 4376 sumus,
1064 4300 1141 4363 dum
1160 4312 1265 4363 tamen
1281 4321 1397 4383 grave,

431 4401 507 4466 mini
520 4399 682 4462 nobiscum
699 4398 855 4462 calculum
876 4421 1002 4483 ponere.
