3667 5475
439 779 503 835 272
702 785 837 829 rennuis
853 784 1131 829 sunnsseurunsrs
1298 774 1344 847 [n.
1360 792 1385 836 n.

484 941 566 1003 Haec
582 939 652 1014 tibi,
668 938 793 1013 dilecte,
809 958 873 998 non
896 948 960 999 tam
978 936 1017 998 de
1034 938 1138 1000 verbis
1153 941 1280 1018 nostris,
1295 964 1385 1024 quam

439 1041 480 1105 de
495 1040 592 1103 sacris
603 1037 767 1121 seripturis
779 1048 926 1098 constare
942 1034 1070 1112 debent,
1082 1037 1107 1098 si
1120 1038 1153 1098 in
1165 1059 1205 1100 eo
1215 1041 1387 1123 perstiteris

439 1140 525 1226 quod
555 1139 690 1221 coepisti.
741 1138 817 1199 Sola
846 1138 930 1198 enim
962 1139 1198 1218 perseverentia
1227 1150 1287 1217 est,
1318 1163 1386 1225 que

439 1243 588 1303 virtutum
608 1238 749 1301 omnium
771 1238 979 1321 consequitur
999 1239 1146 1300 fructum.
1194 1241 1266 1303 Nec
1283 1241 1347 1318 diu,
1363 1242 1385 1304 si

439 1354 524 1407 recte
549 1342 654 1404 sutura
677 1341 828 1416 metiaris,
853 1341 885 1400 iu
913 1341 1022 1401 labore
1046 1341 1107 1401 isto
1134 1341 1317 1404 sudandum
1343 1355 1388 1405 est

438 1446 509 1521 tibi,
526 1445 602 1528 quia
617 1443 719 1506 oculis
734 1443 796 1503 tuis
816 1442 961 1503 laborum
977 1440 1115 1521 gloriosa
1131 1465 1252 1506 merces
1266 1445 1387 1528 impera·

440 1547 505 1623 det,
530 1558 562 1607 et
586 1555 801 1607 remunerator
827 1552 899 1603 tuus
926 1554 1007 1603 astat
1031 1544 1064 1603 iu
1083 1540 1202 1624 jannis
1248 1546 1312 1608 Pro
1336 1547 1387 1608 illo

438 1646 548 1728 itaque
577 1645 604 1705 si
634 1665 706 1726 qnae
742 1642 896 1704 molestiae
936 1641 1058 1703 irruunt
1088 1664 1129 1705 ex
1162 1644 1221 1706 tibi
1252 1645 1388 1727 impacto

438 1749 588 1832 prioratu,
605 1758 637 1808 et
660 1745 700 1807 de
722 1742 938 1807 sollicitudine
962 1744 1137 1806 animarum
1159 1754 1192 1807 et
1211 1767 1388 1828 corporum,

439 1872 512 1933 quae
534 1847 673 1909 humeris
694 1847 769 1921 tuis,
792 1844 832 1907 ad
855 1856 978 1906 tantum
1002 1867 1092 1920 ouuS,
1117 1857 1152 1908 ut
1173 1848 1233 1909 tibi
1258 1848 1390 1926 ridetur,

436 1949 600 2013 debilibus
623 1956 655 2008 et
676 1945 821 2022 infirmis
835 1946 985 2026 impositu
1007 1957 1065 2018 cst,
1082 1948 1204 2008 sustine
1225 1948 1390 2029 patienter,

438 2051 542 2112 clama
561 2048 604 2110 ad
625 2048 742 2128 ipsum,
759 2046 911 2127 qnoniam
933 2066 1034 2125 prope
1054 2055 1112 2106 est.
1157 2047 1203 2107 Et
1223 2048 1313 2129 quod
1335 2048 1390 2111 tibi

437 2151 540 2211 visum
562 2149 653 2210 suerit
674 2147 888 2228 importabile,
912 2147 966 2226 pia
989 2146 1187 2209 confidentia
1209 2147 1336 2230 rejicias
1357 2150 1388 2210 in

437 2251 587 2313 humeros
609 2248 689 2329 ejuS,
712 2247 767 2329 qni
789 2267 881 2308 orem
904 2247 1028 2307 revexit
1049 2247 1218 2329 perditam,
1241 2258 1274 2309 et
1296 2250 1391 2324 totius

436 2346 570 2411 humani
586 2346 709 2426 generis
724 2347 757 2406 in
774 2341 862 2426 liguo
877 2347 1016 2429 portarit
1036 2366 1142 2421 onera,
1158 2347 1291 2430 quaudo
1307 2350 1390 2431 prin·

437 2450 561 2531 cipatus
575 2448 676 2530 ipsius
698 2448 801 2509 suctus
819 2456 866 2509 est
886 2468 982 2527 super
1000 2448 1165 2510 humerum
1187 2448 1266 2531 ejus
1313 2451 1388 2533 lpse

437 2573 510 2613 vero
532 2561 565 2613 te
588 2550 777 2623 sublevabit,
801 2548 878 2631 quia
900 2548 1005 2610 fidelis
1028 2560 1088 2625 est,
1108 2561 1140 2612 et
1160 2571 1227 2612 non
1251 2552 1389 2632 patietur

435 2652 557 2724 tentari¹
572 2673 666 2736 supra
688 2651 722 2712 id
745 2650 831 2733 quod
852 2662 954 2731 poteS,
977 2650 1033 2711 sed
1058 2651 1153 2713 saciet
1175 2653 1388 2715 tentationem

436 2756 539 2837 ipsam
553 2764 641 2816 tuum
657 2772 727 2815 esse
742 2751 929 2834 proiectum.

465 3030 685 3094 EPISTOLA
709 3030 949 3092 cmxi-,ua
966 3049 1117 3094 uuunenr.
1144 3032 1187 3110 [n.
1200 3053 1231 3094 n.
1252 3034 1361 3112 llos]

809 3162 899 3226 Idem
917 3166 1045 3227 Eidem.

479 3280 618 3342 Causam
640 3278 732 3338 exilii
753 3279 814 3338 mei
837 3300 879 3338 ex
903 3279 1055 3339 relatione
1075 3279 1192 3341 Prioris
1214 3280 1253 3342 de
1275 3283 1385 3345 Monte

436 3380 509 3453 Dei,
525 3390 557 3439 et
577 3399 618 3439 ex
640 3398 711 3437 mea
726 3379 816 3439 robis
839 3392 949 3441 notam
965 3400 1032 3440 esse
1055 3381 1203 3442 arbitror:
1229 3394 1265 3444 ut
1281 3396 1386 3447 tamen

434 3480 525 3541 robis
550 3478 702 3561 liquidius
729 3490 866 3552 constet,
893 3501 963 3540 eam
995 3481 1106 3561 paucis
1132 3503 1272 3562 expone.
1319 3486 1384 3548 Do-

434 3581 520 3642 mino
544 3579 779 3653 Cantuariensi,
794 3588 825 3639 et
844 3579 1012 3654 Ecclesia,
1032 3593 1068 3642 ut
1090 3583 1190 3663 potui,
1207 3584 1303 3662 astiti,
1326 3606 1385 3649 nec

433 3695 551 3755 tamen,
568 3681 655 3763 quod
671 3680 868 3743 conscientie
887 3690 968 3742 teste
990 3703 1100 3745 secure
1116 3683 1217 3746 audeo
1234 3687 1384 3768 profiteri,

433 3783 596 3846 domiuum
630 3804 736 3862 regem
773 3783 948 3862 Auglorurn
985 3805 1026 3845 ex
1063 3785 1229 3869 proposito
1266 3788 1382 3870 injuste

432 3886 561 3948 offendi.
607 3887 682 3965 Ipse
705 3896 823 3960 autem,
844 3895 875 3947 et
897 3906 959 3963 me,
980 3899 1012 3948 et
1035 3888 1159 3950 sratrenr
1183 3910 1287 3951 meum
1310 3910 1384 3970 pro·

432 3984 557 4065 scripsit
579 3983 673 4045 bonis
695 3986 820 4059 nostris,
845 3995 877 4046 et
900 4007 960 4064 ego
984 3987 1118 4049 exilium
1141 3991 1251 4071 patior.
1297 3988 1384 4051 Mihi

431 4103 504 4142 vero
519 4105 579 4143 nee
596 4105 686 4162 opes,
701 4107 760 4147 uec
777 4087 884 4164 amici,
899 4108 959 4149 nec
981 4109 1067 4150 arma
1083 4102 1166 4166 sunt,
1183 4091 1298 4173 quibus
1315 4101 1383 4154 tau·

430 4195 496 4244 tum
513 4183 690 4264 principem
706 4187 824 4247 valeam
845 4209 1039 4270 expugnare,
1058 4201 1111 4252 aut
1132 4213 1212 4274 quas
1229 4191 1267 4253 de
1284 4185 1381 4255 bene·

429 4283 549 4365 placito
572 4303 629 4344 suo
652 4284 730 4345 mihi
753 4298 785 4347 et
806 4289 885 4349 meis
907 4289 1012 4367 infert,
1033 4294 1217 4373 propulsare
1240 4294 1382 4377 iujurias.

339 4446 341 4449 .
431 4384 526 4448 Unde
542 4381 583 4446 ad
598 4392 745 4461 vestrum,
762 4395 792 4447 et
813 4387 945 4450 aliorum
969 4401 1149 4454 sanctorum
1168 4394 1383 4474 patrocinium
