3667 5475
375 757 577 837 llas—60]
783 777 963 823 ammonas.
1290 764 1332 828 ³9

370 940 571 993 contemnere
586 930 642 1015 qui
658 929 743 994 misit
759 928 859 993 illum.
891 930 1029 1003 Caetera,
1046 950 1118 1013 quae
1133 928 1174 992 ud
1190 950 1326 1014 proesen·

369 1042 431 1092 tem
444 1030 618 1095 articulum
630 1030 802 1116 pertinent,
813 1029 894 1094 lator
907 1031 1114 1119 praesentium
1128 1030 1244 1115 poterit
1255 1030 1328 1093 viva

370 1152 446 1195 voce
460 1131 660 1206 commodius
675 1130 809 1217 aperire.
957 1128 961 1138 “

530 1428 755 1495 EPISTOLA
777 1427 1041 1492 XXXVIL—an
1057 1475 1165 1492 .....

713 1576 839 1641 Electio
854 1577 983 1639 abbatis.

414 1731 598 1793 Psarouum
624 1727 767 1793 absentia
789 1726 839 1791 vel
865 1725 1061 1812 negligentia
1084 1735 1205 1792 tantam
1229 1728 1326 1792 infert

370 1829 510 1906 eeclesiis
521 1829 678 1895 laesionem
695 1844 731 1894 ut
743 1828 831 1917 quod
844 1828 949 1907 facile,
959 1841 1017 1894 aut
1026 1829 1116 1895 brevi
1127 1842 1280 1915 tempore,
1293 1830 1327 1893 iu

369 1932 511 1997 moribus
533 1944 591 1996 aut
612 1932 708 1996 rebus
731 1931 835 2019 periit,
859 1932 915 1995 vix
940 1951 1056 2016 magno
1079 1930 1199 2009 labore,
1222 1932 1326 1996 multa

369 2032 545 2119 vigilantia,
576 2033 671 2119 longo
700 2033 851 2120 temporis
881 2032 983 2118 spatio
1013 2033 1115 2097 valeat
1144 2033 1325 2098 instaurari.

370 2139 543 2202 Exercitus
569 2157 719 2222 namque,
746 2140 878 2221 rspinae,
905 2134 1074 2222 multiplex
1102 2135 1325 2221 temporalium

364 2238 493 2323 jactura
507 2238 658 2318 eminent,
672 2237 758 2301 domi
774 2250 938 2323 grassatur
959 2237 1068 2313 hostie,
1084 2240 1149 2302 imo
1164 2260 1326 2304 ramorum

369 2353 400 2403 et
420 2339 584 2425 religionis
603 2352 668 2405 tam
688 2339 863 2428 propagine
883 2362 981 2425 quam
1004 2339 1110 2403 radice
1128 2338 1259 2419 succisa,
1276 2339 1325 2405 leo

368 2442 495 2527 rugiens
509 2442 692 2528 expositum
706 2442 829 2506 invenit
844 2442 966 2527 ubique
982 2464 1078 2529 quem
1093 2440 1235 2507 devoret.
1259 2441 1324 2521 Qui

369 2564 453 2618 vero,
473 2543 506 2606 in
530 2555 620 2609 tanto
642 2543 783 2629 periculo
805 2544 1011 2620 constitutus,
1034 2566 1096 2608 non
1120 2546 1230 2618 timet;
1259 2566 1322 2609 non

372 2658 435 2708 tam
451 2646 607 2710 exanimis
621 2667 719 2731 quam
734 2645 933 2711 exanimatus
948 2659 1004 2710 est.
1052 2645 1114 2711 Sed
1137 2660 1169 2709 et
1186 2645 1325 2718 illorum,
1424 2631 1427 2638 ¹

371 2748 430 2834 qui
442 2749 540 2813 tantis
553 2747 670 2813 debent
683 2738 802 2813 morbis
816 2770 981 2833 occurrere
992 2747 1043 2811 vel
1057 2747 1188 2825 mederi,
1204 2747 1327 2833 pericli-

370 2862 459 2913 tatur
482 2849 576 2930 salus,
596 2849 654 2914 nisi
681 2862 780 2916 totam
804 2850 1003 2937 vigilantiam
1026 2872 1114 2913 suam
1138 2860 1269 2934 erogent
1291 2849 1323 2912 in

370 2949 570 3036 procuranda
589 2950 691 3014 salute
712 2949 928 3014 subditorum.
968 2947 1066 3012 Unde
1081 2960 1113 3012 et
1134 2971 1191 3013 nos
1205 2948 1326 3014 desola-

369 3051 446 3116 tioni
469 3063 583 3116 vestrae
602 3063 736 3137 paterno
755 3051 984 3137 compatientes
1005 3049 1135 3126 affectu,
1152 3074 1172 3114 a
1193 3049 1324 3116 domino

367 3166 476 3218 nostro
498 3176 572 3238 rege
597 3153 807 3232 obtinuimus,
830 3167 866 3216 ut
890 3151 1066 3217 secundum
1092 3152 1324 3218 institutionem

371 3277 533 3320 sacrorum
548 3277 704 3318 canonum
721 3268 878 3340 pastorem
894 3254 1043 3318 idoneum
1060 3254 1151 3318 vobis
1166 3254 1326 3339 praelicere

368 3357 536 3420 valeamus.
561 3357 627 3420 Res
637 3366 745 3419 autem
754 3354 949 3419 celeritatem
958 3368 990 3418 et
1001 3353 1201 3439 diligentiam
1213 3355 1326 3440 exigit,

367 3481 470 3545 quum
482 3456 585 3521 omnis
595 3479 684 3519 mora
695 3456 807 3520 salutis
818 3455 1002 3520 differenda
1015 3456 1192 3541 periculum
1206 3459 1324 3539 trahat,

366 3573 398 3625 et
422 3557 562 3624 ecclesiae
585 3570 698 3622 vestrae
724 3570 827 3624 status
850 3558 883 3621 in
906 3580 944 3621 eo
968 3569 1112 3622 versetur
1134 3557 1267 3640 calculo,
1288 3573 1324 3627 ut

365 3660 520 3747 religiosis
546 3659 660 3724 vestris
685 3659 845 3744 lugendus
876 3658 985 3745 potius
1011 3682 1108 3747 quam
1140 3661 1325 3727 referendus

366 3761 523 3827 videatur.
578 3760 706 3846 Religio
736 3760 818 3846 perit
848 3760 995 3837 interius,
1024 3760 1182 3824 exteriora
1211 3761 1326 3826 distra-

369 3865 506 3939 huntur,
529 3860 736 3948 diripiuntur,
756 3875 788 3926 et
809 3861 978 3936 defluunt;
1009 3875 1139 3927 nonest
1161 3861 1247 3926 domi
1270 3863 1328 3948 qui

369 3964 527 4029 auxilium
543 3964 686 4049 porrigat
708 3974 765 4027 aut
780 3963 959 4027 consilium.
1004 3961 1141 4026 Morbus
1151 3963 1219 4049 jam
1242 3964 1328 4030 inve-

369 4080 492 4133 teratus
505 4079 564 4142 est,
579 4089 680 4155 quum
701 4066 758 4130 diu
774 4065 912 4132 deluerit
934 4065 992 4152 qui
1008 4065 1078 4130 haeo
1098 4065 1183 4132 inala
1197 4072 1328 4157 propul-

366 4190 435 4234 sare
452 4168 547 4232 vellet
562 4180 594 4232 et
610 4180 725 4254 posset.
771 4166 858 4242 Quia
873 4189 950 4252 ergo
971 4167 1170 4252 praesentiam
1186 4182 1325 4236 nostram

369 4269 458 4336 vobis
473 4271 515 4335 ad
531 4291 670 4356 praesens
685 4291 747 4332 non
764 4291 934 4354 possumus
955 4267 1116 4348 exhibere,
1130 4272 1326 4339 venerabiles

369 4373 486 4438 iratres
502 4385 626 4437 nostros
640 4371 774 4436 Gauter.
794 4374 1065 4437 Conventrensem
1079 4385 1111 4437 et
1123 4373 1188 4437 All.
1201 4374 1330 4459 Wigor-
