3667 5475
433 759 453 815 6
692 763 828 809 rosunrs
843 762 1120 808 ssaasusarnnsrs
1291 745 1339 826 [a.
1359 766 1393 811 n.

434 915 597 1004 pollicitus
618 915 735 994 fuerat,
749 914 782 977 in
807 935 903 977 manu
928 909 1143 977 archidiaconi
1163 913 1394 984 scelestesuae

433 1016 640 1085 renunciavit.
686 1016 767 1080 lloee
781 1015 873 1079 ethis
884 1011 1000 1079 similia
1012 1011 1154 1097 allegans
1165 1018 1393 1105 superinjuria

434 1120 495 1187 sibi
515 1119 666 1204 irrogata,
682 1118 928 1182 satisfactionem
952 1116 1093 1201 patebat,
1109 1114 1190 1181 duos
1207 1118 1393 1187 sacerdotes

433 1222 466 1287 in
482 1219 634 1298 medium,
649 1221 705 1305 qui
729 1218 789 1283 sibi
810 1220 876 1282 vim
897 1219 1013 1283 iactam
1036 1218 1296 1298 testificarentur,
1311 1244 1392 1309 pro-

435 1324 566 1390 ducens.
590 1325 621 1387 E
636 1332 747 1387 contra
769 1325 809 1386 R.
834 1322 898 1385 vim
915 1340 949 1384 se
964 1319 1150 1406 hujusmodi
1171 1321 1392 1406 inficiabatur,

435 1427 531 1493 modo
546 1426 588 1490 de
603 1439 813 1513 patronorum
828 1446 938 1508 parma
952 1423 1099 1499 confisus,
1113 1425 1209 1490 modo
1223 1426 1264 1490 ad
1280 1425 1391 1512 legum

435 1525 647 1593 subtilitatem
669 1521 864 1605 confugiens,
888 1543 929 1585 an
955 1521 1117 1587 eeclesiam
1143 1522 1231 1589 illam
1254 1536 1393 1612 peteret,

436 1652 574 1718 quamve
604 1628 764 1693 actionem
793 1637 997 1712 proponeret,
1027 1638 1084 1690 aut
1121 1648 1189 1713 quo
1218 1630 1293 1715 jure
1329 1629 1394 1695 sibi

396 1767 405 1782 ·
436 1731 580 1799 satisfieri
596 1728 785 1818 postularet,
803 1727 1030 1810 interrogabat.
1074 1731 1177 1793 Porro
1191 1751 1292 1815 quum
1308 1732 1395 1797 vari-

436 1847 534 1899 tatem
555 1832 629 1896 facti
649 1826 835 1915 diligentius
848 1828 1011 1913 inquirere
1028 1839 1234 1910 tentaremus,
1254 1849 1291 1897 ut
1311 1834 1394 1920 quid

433 1936 517 2021 juris
538 1943 619 1997 esset
640 1928 845 2017 postmodum
866 1927 1006 1994 lucidius
1028 1943 1205 2017 appareret,
1226 1936 1268 1998 R.
1285 1937 1396 2021 appel.

438 2036 587 2101 lationem
602 2031 804 2115 interposuit,
819 2033 872 2095 cui
887 2031 1014 2097 deferre
1029 2035 1195 2113 hebemus,
1210 2035 1294 2102 diem
1311 2062 1397 2124 prae.

440 2138 543 2221 figens
559 2134 762 2199 Dominieam
778 2155 845 2220 qua
857 2134 1049 2215 cantabitur,
1061 2138 1164 2205 Quasi
1176 2141 1269 2203 modo
1277 2146 1398 2223 pertiti,

439 2259 537 2325 quem
566 2235 737 2300 terminum
768 2240 811 2301 W
840 2235 1013 2301 coaretavit
1042 2236 1083 2300 ad
1112 2241 1223 2303 Beatoe
1254 2238 1398 2325 Virginis

438 2337 703 2426 purificationem.

633 2622 855 2689 EPlSTOLA
879 2620 1196 2686 V1.-sonuunmu.

709 2756 849 2818 Domino
866 2755 1016 2818 Adriano
1029 2777 1136 2846 pope.

486 2893 667 2956 Auvaasus
691 2884 830 2952 nobilem
855 2886 960 2949 virum
984 2885 1133 2951 comitem
1157 2890 1333 2974 Rogerium
1360 2907 1394 2959 et

442 2995 616 3058 Osbertum
644 2987 792 3052 clericum
824 3007 921 3050 suum
950 2985 1113 3052 Ernaldus
1143 2987 1183 3054 de
1213 2988 1332 3056 Divisis
1361 2996 1394 3061 in

439 3092 608 3179 praesentia
634 3103 743 3153 nostra
768 3088 934 3173 querelam
965 3089 1125 3174 deposuit,
1151 3090 1259 3157 dicens
1288 3093 1349 3161 sibi
1375 3119 1396 3161 a

441 3191 566 3272 comite,
582 3200 619 3255 ut
641 3189 816 3254 Osbertum
839 3210 932 3252 suum
956 3189 1148 3271 intruderet,
1169 3192 1331 3260 ecclesiam
1354 3199 1395 3263 de

443 3300 598 3361 Hentona
612 3291 768 3355 violenter
782 3303 813 3354 et
829 3304 941 3355 contra
956 3312 1081 3356 omnem
1095 3295 1302 3360 reverentiam
1311 3300 1397 3384 juris

443 3416 510 3460 esse
532 3392 685 3468 ablatam,
702 3411 799 3475 quam
822 3389 984 3470 canonice,
1001 3405 1037 3457 ut
1061 3391 1199 3473 dicebat,
1215 3398 1271 3462 diu
1293 3422 1396 3487 posse-

441 3498 532 3562 derat
563 3497 752 3560 auetoritate
784 3492 973 3557 venerabilis
1001 3493 1111 3559 fratris
1140 3499 1239 3563 nostri
1267 3504 1298 3567 J.
1327 3504 1396 3567 Sar.

441 3597 592 3685 episcopi,
609 3597 702 3681 cujus
717 3595 873 3673 chartam,
890 3618 966 3682 quae
981 3594 1162 3661 donationis
1177 3602 1248 3688 ejus
1263 3604 1395 3670 titulum

442 3700 641 3779 adstruebat,
670 3698 701 3761 in
734 3697 874 3761 medium
907 3698 1104 3783 proferebat:
1135 3714 1167 3765 et
1205 3715 1241 3767 ut
1274 3727 1395 3793 posses·

443 3804 562 3869 sionem
595 3821 687 3866 suam
716 3799 804 3864 omni
833 3800 1032 3864 solemnitate
1057 3802 1143 3887 juris
1172 3805 1299 3872 doceret
1329 3831 1396 3874 esse

443 3906 625 3980 subnixam,
642 3903 843 3968 concessione
858 3901 1027 3989 cujusdam
1048 3902 1169 3982 militis,
1185 3907 1283 3993 quein
1299 3911 1395 3975 eccle·

442 4010 498 4070 siae
513 4004 701 4069 advocatum
717 4025 785 4067 esse
802 4003 941 4084 dicebat,
956 4027 988 4067 se
1009 4004 1139 4070 eandem
1162 4007 1339 4075 obtinuisse
1354 4013 1396 4077 ab

441 4107 590 4194 episcopo
605 4105 778 4181 asserebat,
793 4116 825 4167 et
841 4104 882 4166 ob
898 4105 959 4168 hoc
974 4104 1034 4168 sibi
1050 4106 1190 4174 ecclesiae
1205 4125 1236 4176 et
1252 4112 1393 4178 omnium

442 4209 620 4273 ablatorum
649 4203 879 4269 restitutionem
908 4203 976 4268 fieri
1006 4206 1198 4291 postulabat.
1247 4217 1393 4281 'l'andem

441 4323 510 4398 post
536 4308 654 4372 multas
681 4303 845 4371 citationes
871 4319 903 4371 et
926 4309 1199 4390 comminationes,
1226 4342 1243 4380 a
1268 4317 1394 4396 comite,
