3667 5475
379 722 573 802 llos-65]
772 738 951 788 urrsroun.
1272 732 1328 794 rer

374 914 434 976 pro
459 893 554 955 nobis
580 889 822 957 cantuariensis
845 894 991 956 eeclesiae
1016 904 1138 957 amator
1162 894 1333 975 Adrianus,

372 996 422 1079 cuj
428 1017 464 1058 us
479 1004 579 1057 mater
592 993 680 1077 apud
695 1014 751 1056 vos
760 996 867 1075 algore
883 1002 1050 1078 torquetur
1064 1006 1096 1059 et
1110 996 1227 1060 inedia.
1259 1000 1329 1061 Nos

375 1095 524 1169 humiles,
547 1096 673 1177 inopes,
689 1096 862 1171 immuniti,
877 1097 1026 1181 nunquid
1043 1098 1220 1181 poterimus
1240 1102 1335 1163 verba

375 1198 450 1263 dare
464 1194 642 1264 Romanis?
670 1197 713 1260 At
726 1196 775 1263 illi
793 1197 920 1279 pridem
938 1218 1030 1265 suum
1045 1199 1205 1263 comicum
1220 1200 1332 1264 audie-

377 1307 461 1373 runt,
479 1306 514 1358 ut
529 1317 593 1357 nou
610 1305 718 1358 emant
732 1315 829 1377 spere
843 1296 958 1379 pretio.

419 1397 483 1460 Sed
504 1396 653 1473 scribitis,
671 1407 706 1458 ut
729 1397 871 1475 tandem,
887 1399 913 1459 si
936 1398 1000 1461 alia
1020 1398 1073 1461 via
1094 1420 1158 1460 non
1181 1401 1331 1481 patuerit,

376 1500 599 1582 promittamus
614 1497 771 1561 ducentas
783 1519 916 1561 marcas.
947 1500 990 1561 At
1004 1510 1089 1561 certe
1104 1520 1178 1581 pars
1189 1501 1333 1577 adversa,

313 1621 328 1648 ⁰
376 1609 550 1683 autequam
559 1600 735 1675 frustretur,
744 1610 903 1663 trecentas
912 1598 1066 1666 dubitant
1075 1598 1337 1682 quadringentas,

516 1711 576 1766 Neo
588 1714 611 1765 si
622 1714 771 1766 muneribus
783 1718 876 1777 certas,
891 1684 1015 1767 donsedet
1026 1713 1107 1768 iolas.

377 1820 423 1882 Et
431 1839 491 1901 ego
500 1819 679 1901 respondeo
689 1840 747 1902 pro
757 1820 1018 1903 Romanis,quod
1027 1842 1086 1902 pro
1095 1842 1202 1883 amore
1211 1820 1334 1884 domlni

377 1921 473 2001 regis,
488 1929 521 1983 et
534 1922 710 1984 reverentia
724 1921 916 1983 nunciorum
938 1923 1070 1985 mallent
1084 1923 1158 2005 plus
1180 1924 1334 2005 recipere,

378 2042 474 2105 quam
494 2043 621 2104 sperare
645 2022 759 2083 minus.
806 2016 897 2084 Facit
917 2033 1023 2085 autem
1044 2043 1102 2104 pro
1125 2017 1226 2100 vobis,
1247 2023 1333 2106 quod

378 2142 436 2204 pro
462 2122 608 2185 libertate
635 2122 783 2185 ecclesiae
812 2118 1021 2201 tribulamini,
1048 2123 1105 2185 sed
1132 2124 1331 2187 honestatem

379 2245 484 2286 causae
496 2235 613 2286 nostras
629 2231 841 2285 extenuantes
853 2235 1058 2286 excusatores
1073 2226 1167 2305 regis,
1178 2236 1212 2289 et
1226 2226 1333 2289 aemuli

379 2324 487 2400 vestri,
500 2324 563 2387 hoc
585 2323 754 2386 temeritati
770 2343 866 2406 quam
881 2323 1022 2387 libertati
1038 2325 1139 2411 magis
1154 2325 1335 2389 adscribere

380 2416 591 2487 conabuntur.
629 2422 674 2485 Et
698 2434 734 2485 ut
756 2424 802 2486 eis
825 2424 919 2486 citius
942 2424 1098 2501 credatur,
1114 2421 1182 2507 ipsi
1204 2424 1334 2497 domino

352 2609 355 2613 Ι
378 2546 484 2609 papae,
495 2524 569 2607 quia
579 2543 681 2586 venus
689 2526 791 2608 hujus
800 2526 945 2587 susurrii
950 2524 1023 2602 jam
1035 2506 1244 2588 uuddtuuris
1254 2546 1335 2602 meu,

380 2623 504 2689 dabunt
525 2646 615 2708 spem
640 2622 788 2688 veniendi
814 2622 846 2687 iu
870 2621 1032 2708 Angliam,
1054 2624 1228 2711 dicentque
1252 2626 1334 2707 regii

379 2725 440 2811 tilii
453 2723 583 2815 dilatam
598 2725 850 2812 coronationem,
865 2739 901 2789 ut
916 2748 1013 2790 manu
1031 2725 1334 2815 apostolicaconse·

375 2812 496 2913 pretor,
512 2813 555 2890 'et
581 2812 691 2891 sciatis
716 2827 758 2890 ad
781 2828 856 2909 hoc,
871 2837 1038 2910 promptos
1065 2847 1135 2890 esse
1160 2828 1333 2889 Romanos.

360 2908 459 2992 ‘Jam'
471 2920 556 2991 enim
573 2929 703 3011 quidam
718 2929 814 2992 nobis
828 2929 995 3005 insultant,
1010 2927 1154 2990 dicentes
1170 2927 1333 2989 dominum

380 3049 496 3111 papam
519 3027 560 3090 ad
583 3027 849 3092 cantuariensem
871 3028 1042 3091 ecclesiam
1064 3046 1277 3103 accessurum,
1299 3037 1335 3089 ut

380 3142 507 3192 moveat
521 3128 751 3192 candelabrum
772 3141 921 3206 vestrum,
936 3128 1045 3212 ibique
1066 3125 1265 3212 aliquamdiu
1286 3149 1334 3190 se·

382 3230 464 3294 deat.
502 3228 572 3293 Nec
596 3240 704 3293 tamen
731 3230 839 3308 credo,
861 3229 949 3314 quod
972 3229 1122 3292 dominus
1144 3251 1230 3312 papa
1250 3227 1335 3291 istud

382 3330 486 3394 adhuc
510 3331 702 3412 conceperit.
741 3328 838 3416 llam,
853 3343 889 3419 ut
908 3331 1015 3410 audio,
1036 3328 1259 3414 multamejus
1277 3348 1356 3413 pm„

381 3433 560 3508 constantia
573 3443 687 3512 ,vestra
699 3432 826 3503 habetis
843 3432 986 3514 gratiam.
1025 3433 1206 3496 Sedunum
1223 3433 1335 3515 procul

382 3533 481 3595 dubio
496 3534 576 3610 scio,
588 3533 664 3615 quia
676 3533 898 3609 Lexoviensis‚
910 3533 938 3596 si
953 3534 1085 3607 venerit,
1096 3533 1179 3596 nihil
1194 3552 1333 3596 asserere

381 3633 548 3695 verebitur.
579 3631 687 3696 Notus
698 3634 781 3695 enim
797 3633 878 3696 mihi
893 3647 952 3710 est,
963 3643 996 3696 et
1009 3633 1044 3695 in
1055 3634 1171 3696 talibus
1184 3644 1336 3715 expertus

382 3753 454 3799 sum
465 3732 534 3815 ejus
544 3733 696 3805 fallacias·
723 3733 775 3799 De
788 3735 903 3797 abbate
915 3732 987 3819 quin
996 3730 1139 3799 dubitati
1159 3730 1335 3803 Postmodo

383 3835 512 3916 scripsit
533 3834 612 3905 mihi
633 3835 807 3917 episcopus
829 3834 1051 3914 Pictaviensis,
1074 3832 1161 3916 quod
1183 3825 1334 3895 adversus

384 3936 536 3998 abbatem
557 3935 589 3998 S.
613 3936 784 4016 Augustini
807 3935 887 3997 nihil
910 3942 1057 4016 potuerat
1077 3934 1256 4014 impetrare,
1276 3932 1335 3995 etsi

383 4036 552 4118 plurimam
570 4035 710 4098 dedisset
726 4055 865 4116 operam.
899 4032 1023 4096 Ibimus
1037 4044 1144 4096 umen
1158 4033 1246 4110 illue,
1261 4054 1335 4096 auc·

382 4148 449 4198 tore
464 4137 549 4212 Deo,
564 4136 716 4220 quoniam
739 4135 785 4196 ita
806 4133 995 4217 praecipitis,
1009 4143 1044 4197 ct
1058 4122 1144 4218 vquid
1166 4135 1335 4217 possimus,

384 4237 597 4318 experiemur.
629 4235 692 4299 Sed
705 4237 731 4297 si
747 4237 872 4310 frustra,
883 4236 978 4300 nobis
993 4235 1141 4318 imputari
1153 4256 1216 4297 uon
1230 4235 1335 4312 debet,

384 4336 545 4416 quoniam,
564 4346 599 4398 ut
614 4337 660 4398 ait
675 4336 817 4398 ethicus:
