3667 5475
442 741 504 799 160
690 750 828 795 inauris
844 747 1121 793 sanasnamaxsrs
1300 731 1346 810 [a.
1364 749 1395 793 n.

436 906 547 990 itaque
561 901 737 986 dignationi
754 913 878 972 vestrae,
895 922 996 984 usque
1017 898 1059 961 ad
1075 898 1203 963 illorum
1218 900 1394 965 adventum

436 1029 563 1071 causam
588 1004 813 1068 monachorum
837 1000 937 1064 sancti
959 1003 1093 1081 Bertini,
1107 1016 1140 1066 et
1163 1004 1291 1067 Osberti
1308 1006 1396 1069 Ebo-

438 1130 502 1172 rac.
525 1105 645 1170 archid.
661 1120 694 1169 et
712 1104 738 1167 si
754 1126 820 1189 qua
835 1125 903 1181 nos,
917 1117 948 1166 et
966 1124 1098 1186 regnum
1126 1102 1251 1189 Angliae
1266 1109 1395 1192 negotia

437 1208 638 1293 contingunt,
653 1204 863 1292 suspendere:
892 1208 1042 1289 quoniam
1059 1204 1105 1268 illi
1121 1208 1278 1292 superbis
1293 1214 1394 1275 omni·

438 1309 500 1373 bus
515 1308 733 1373 discretionem
751 1320 887 1370 vestram
903 1305 1020 1369 facient
1036 1305 1212 1387 certiorem,
1226 1324 1257 1372 et
1273 1310 1394 1375 auditis

435 1411 481 1473 eis
506 1410 547 1473 ad
571 1410 708 1495 singula,
737 1408 876 1473 Domino
905 1407 1058 1493 propitio,
1086 1409 1190 1474 tutius
1219 1424 1251 1474 et
1281 1412 1391 1476 utilius

433 1512 625 1598 procedetis.

609 1735 832 1800 EPISTOLA
855 1734 1035 1797 CXL-an
1051 1752 1205 1800 eunucu.

673 1885 815 1948 Domino
831 1883 933 1965 Paper
950 1887 1141 1949 Alouandro.

478 2023 630 2085 PRAETER
642 2017 836 2103 opinionem,
851 2028 882 2080 et
898 2030 1009 2080 contra
1019 2040 1118 2102 spem,
1132 2018 1248 2085 litterae
1263 2035 1388 2099 vestrae,

434 2141 571 2205 quarum
582 2118 728 2204 jucunda
740 2117 819 2181 solet
833 2142 900 2182 esse
909 2117 1087 2205 conceptio,
1098 2123 1189 2186 uobis
1203 2125 1387 2188 moestitiam

433 2221 621 2286 attulerunt.
667 2221 774 2297 Quum
804 2221 887 2284 enim
918 2221 959 2284 ad
991 2221 1128 2285 Galliam
1158 2246 1229 2287 cum
1260 2248 1387 2290 summo

433 2321 590 2386 desiderio
598 2320 855 2406 praestolaremur
865 2321 1386 2409 adventumvestrum,accepimus

434 2446 491 2487 vos
513 2423 554 2486 ad
577 2422 702 2494 urbem,
726 2420 848 2526 ptiuam
871 2421 1063 2487 salubriter!
1093 2446 1160 2489 esse
1179 2447 1331 2500 reversos,
1354 2439 1387 2490 et

433 2524 500 2611 spei
522 2537 638 2588 nostrae
662 2526 706 2587 sic
731 2535 915 2587 evacuatam
938 2547 1005 2588 esse
1030 2525 1186 2592 laetitiam,
1229 2530 1390 2593 Praeterea

433 2628 602 2715 petitiones
631 2636 747 2690 nostrae
776 2640 948 2690 caruerunt
978 2627 1104 2706 effectu,
1130 2629 1205 2714 quia
1229 2631 1387 2695 Scriniarii

434 2731 543 2807 vestri,
563 2744 600 2797 ut
623 2728 801 2817 scripsistis,
822 2743 947 2794 nostras
960 2729 1044 2794 forte
1064 2729 1185 2794 litteras
1204 2732 1388 2800 amiserunt.

435 2834 503 2896 Nos
517 2845 621 2898 autem
638 2832 799 2917 quomodo
813 2852 981 2917 possumus
999 2832 1204 2897 acerbitatem
1221 2836 1389 2923 utriusque

433 2933 599 2999 infortunii
629 2933 814 3013 relevantes,
843 2933 974 2996 nuutios
1009 2933 1067 3019 qui
1096 2956 1152 2997 vos
1181 2935 1250 3000 vice
1280 2952 1387 3003 nostra

434 3035 573 3109 visitent,
596 3046 628 3098 et
654 3037 834 3099 litterarum
861 3035 977 3099 damna
1003 3049 1192 3114 restaurent,
1216 3039 1277 3102 sub
1301 3043 1387 3105 omni

433 3137 593 3201 celeritate
608 3136 764 3199 adsedem
781 3136 986 3222 apostolicam
999 3137 1214 3203 destinamus:
1241 3156 1386 3224 rogantes

434 3253 470 3304 ut
499 3261 626 3302 causam
650 3239 877 3302 monachorum
908 3240 1007 3302 sancti
1034 3242 1171 3318 Bertini,
1195 3255 1226 3306 et
1256 3245 1386 3309 Osberti

432 3341 645 3405 Eboracensis
654 3340 876 3421 archidiaconi,
888 3356 920 3406 et
935 3341 961 3405 si
973 3365 1037 3427 qua
1049 3341 1088 3404 ad
1102 3364 1169 3420 nos,
1185 3342 1235 3404 vel
1250 3368 1384 3428 regnum

433 3442 561 3527 Anglioe
576 3443 703 3528 negotia
719 3456 873 3528 spectant,
890 3444 1046 3530 usquead
1062 3444 1189 3509 illorum
1211 3445 1383 3510 adventum

429 3545 575 3633 protrahi
596 3544 728 3610 faciatis.
781 3546 851 3609 Illis
866 3550 949 3611 enim
974 3546 1105 3624 auditis,
1128 3561 1256 3612 auctore
1273 3549 1384 3613 Domi-

432 3671 486 3725 no,
503 3646 628 3733 singula
643 3645 802 3710 salubrius
817 3649 974 3711 statuetis.

580 3956 802 4020 EPISTULA
825 3955 1023 4018 CXIL-an
1038 3974 1232 4019 annuarum.

432 4106 544 4167 Amico
558 4122 616 4163 suo
636 4105 800 4166 carissimo
814 4106 970 4184 magistro
988 4106 1130 4188 Eruulsn
1144 4128 1225 4170 suus
1240 4109 1386 4172 Joannea

560 4204 710 4277 salutem,
726 4213 756 4266 et
773 4224 855 4266 verae
873 4207 1050 4270 dilectionis
1065 4209 1256 4290 obsequium.

475 4340 647 4401 Domuum
668 4334 886 4399 cancellarium
910 4338 973 4401 seio
993 4343 1221 4426 emergentium
1244 4343 1387 4407 tumultu
