3667 5475
544 776 608 835 822
811 784 950 830 roauurs
966 782 1250 829 sannsnnarnusrs
1332 849 1335 854 ,
1411 767 1465 847 [a.·
1479 787 1512 831 n.

550 951 583 1005 et
598 940 652 1023 qui
666 939 753 1003 fratri
768 939 892 1001 foveam
911 944 1012 1019 parat,
1026 936 1144 1002 incidit
1157 937 1192 999 in
1215 958 1287 1000 eam
1311 937 1412 1021 prior.
1461 940 1513 1002 An

551 1062 617 1104 non
648 1040 837 1102 meministis
872 1038 1047 1120 Scripturae
1082 1038 1229 1117 dicentis,
1260 1040 1340 1122 quia
1376 1040 1515 1121 Semper

541 1144 661 1222 jurgia
675 1142 793 1225 querit
807 1142 1073 1220 miserescebat
1084 1147 1195 1202 autem
1207 1140 1349 1203 crudetis
1359 1143 1515 1206 mittetur

440 1295 443 1300 ,
551 1252 666 1306 eontra
680 1239 786 1305 eum?

597 1344 676 1408 Misi
690 1344 811 1407 litteras
825 1352 945 1405 vestras
961 1342 1093 1405 domino
1110 1341 1348 1422 Cantuariensi,
1361 1344 1419 1407 sed
1438 1345 1514 1429 quia

555 1445 707 1509 nuncium
734 1455 870 1506 vestrum
895 1442 980 1505 ultra
1004 1442 1121 1505 sestum
1151 1443 1254 1505 sancti
1279 1444 1421 1525 Remigii
1445 1467 1512 1508 non

555 1547 647 1631 potui
669 1545 813 1621 retinere,
835 1562 1026 1627 responsum
1048 1544 1119 1629 ejus
1141 1543 1286 1607 nondum
1311 1566 1511 1629 acceperam.

556 1647 687 1712 Certum
704 1644 833 1729 quidem
849 1653 896 1706 est
910 1642 999 1727 quod
1013 1644 1208 1708 officiositati
1225 1656 1339 1709 vestrae
1361 1646 1513 1729 plurimas

556 1750 654 1813 habet
672 1748 798 1830 gratias,
815 1767 893 1829 quas
908 1757 941 1808 et
955 1758 1038 1827 aget,
1054 1757 1183 1809 auctore
1205 1747 1361 1825 Domino,
1377 1758 1512 1832 accepto

555 1863 699 1934 tempore
729 1861 918 1931 opportuno.
979 1849 1055 1911 Hoc
1086 1859 1191 1911 autem
1225 1849 1265 1911 de
1295 1857 1380 1913 statu
1410 1850 1513 1933 ipsius

554 1953 651 2016 nobis
669 1951 887 2014 indubitanter
908 1959 1042 2028 constet,
1060 1949 1211 2033 quoniam
1233 1949 1337 2033 pluris
1358 1952 1513 2035 estquod

555 2053 590 2116 in
605 2052 773 2116 virtutibus
788 2060 820 2115 et
833 2051 946 2114 litteris
961 2050 1142 2134 acquisivit,
1159 2072 1255 2133 quam
1273 2052 1363 2136 quod
1377 2054 1408 2116 ei
1430 2053 1513 2133 regis

556 2164 589 2218 et
613 2152 855 2233 malignantium
885 2151 946 2214 sibi
973 2152 1108 2215 extorsit
1132 2152 1331 2235 improbitas.
1385 2153 1513 2218 Confir-

471 2298 477 2311 .
555 2261 661 2317 matus
690 2263 738 2316 est
768 2254 797 2313 ei
828 2252 869 2314 de
898 2273 984 2316 novo
1013 2254 1177 2337 primatus,
1208 2264 1240 2319 et
1269 2255 1512 2340 archiepiscopo

556 2352 754 2416 Eboracensi
779 2350 961 2433 injunctum
991 2363 1027 2416 ut
1055 2374 1128 2416 eum
1158 2366 1315 2435 agnoscat
1342 2357 1512 2439 primatem

556 2474 650 2518 suum
674 2450 870 2514 exhibitione
895 2450 1098 2515 obedientiae.
1143 2453 1236 2516 Idem
1260 2465 1309 2519 est
1330 2466 1362 2518 et
1385 2457 1512 2537 legatus

555 2555 654 2619 totius
679 2552 804 2634 Angliae
834 2562 976 2634 excepto
1003 2554 1191 2636 episcopatu
1216 2556 1429 2631 Eboracensi,
1454 2557 1512 2641 qui

554 2658 629 2722 ideo
654 2656 781 2720 interim
806 2654 882 2717 huie
912 2666 1031 2717 nostrae
1055 2655 1275 2740 jurisdictioni
1306 2659 1514 2736 subtrahitur,

556 2760 632 2844 quia
653 2755 914 2839 archiepiscopus
936 2756 1153 2821 Eboracensis
1173 2760 1297 2840 legatus
1313 2769 1362 2822 est
1384 2761 1515 2839 Scotiae,

555 2883 616 2925 nec
632 2860 714 2922 solet
728 2857 878 2921 Ecclesia
892 2855 1042 2919 Romana
1059 2857 1196 2941 alicujus
1210 2859 1309 2940 legati
1328 2860 1514 2925 Ecclesiam

555 2973 697 3044 tempore
727 2957 897 3039 legationis
925 2957 1069 3036 indultae,
1100 2961 1190 3022 alteri
1220 2962 1324 3041 legato
1354 2961 1515 3046 subjicere

555 3064 677 3128 ratione
698 3059 886 3143 legationis:
919 3058 975 3121 sed
990 3080 1051 3122 nec
1068 3062 1226 3125 subtrahit
1241 3061 1383 3145 quidem,
1398 3065 1425 3127 si
1449 3066 1513 3128 alio

551 3166 623 3248 jure
639 3163 783 3246 subjecta
799 3171 859 3224 est.

599 3264 720 3339 Quaerit
734 3285 791 3325 rex
807 3273 927 3342 noster,
941 3274 977 3326 ut
991 3264 1173 3328 Willelmus
1188 3266 1366 3347 Papiensis,
1382 3275 1415 3330 et
1430 3269 1513 3332 alius

555 3365 726 3430 cardinalis
747 3363 911 3426 mittantur
933 3366 1042 3446 legati,
1058 3387 1189 3449 sperans
1212 3378 1249 3431 ut
1272 3389 1401 3430 eausam
1424 3370 1512 3434 hanc

553 3466 594 3529 ad
610 3461 711 3548 ipsius
723 3460 881 3527 diffiniant
893 3466 1099 3529 voluntatem.
1132 3469 1207 3549 Ipse
1217 3489 1303 3547 vero,
1316 3477 1353 3530 ut
1362 3470 1513 3534 voluntas

554 3591 611 3633 sua
624 3565 788 3651 procedat,
803 3566 913 3628 multis
929 3577 961 3629 et
983 3568 1107 3648 magnis
1125 3570 1308 3649 procuravit
1328 3570 1467 3653 injuriis,
1480 3581 1513 3635 et

552 3671 684 3755 rapinis.
730 3667 826 3732 Unde
842 3668 921 3729 mihi
938 3667 1143 3732 commodum
1158 3670 1318 3734 videretur
1332 3682 1378 3749 ut,
1394 3673 1422 3735 si
1444 3673 1512 3737 fieri

552 3782 670 3859 posset,
694 3770 921 3834 Coloniensem
944 3768 1151 3848 induceretis,
1167 3782 1325 3854 quatenus
1352 3775 1413 3836 sub
1437 3795 1511 3836 con·

552 3877 614 3940 silii
630 3874 736 3958 specie
760 3883 792 3934 et
814 3872 939 3948 amoris,
955 3892 1061 3952 regem
1085 3882 1238 3936 statueret
1262 3886 1375 3937 eontra
1396 3877 1511 3938 faciem

553 3998 653 4054 suam,
677 3986 708 4039 et
732 3994 837 4037 causae
863 3970 1067 4036 difficultates
1090 3974 1282 4038 ostenderet.
1329 3977 1403 4048 Quo
1425 3976 1512 4040 enim

546 4080 629 4163 jure,
659 4099 723 4160 qua
757 4077 889 4154 ratione,
921 4097 985 4160 qua
1020 4078 1092 4157 lege
1123 4079 1171 4139 vel
1208 4099 1345 4155 canone,
1379 4089 1513 4160 cogetur

551 4177 791 4242 cantuariensis
806 4197 937 4241 causam
953 4173 1076 4259 ingredi
1100 4179 1257 4260 spoliatus
1271 4189 1347 4263 post
1367 4182 1512 4263 appella·

548 4276 690 4345 tionem?
721 4298 830 4340 nonne
855 4280 884 4341 ei
912 4279 1031 4343 debent
1047 4291 1142 4344 antea
1162 4280 1310 4344 universa
1329 4281 1465 4359 restitui,
1481 4297 1513 4344 et

547 4409 613 4470 pax
629 4385 751 4464 integra
767 4381 939 4461 reformari,
956 4394 989 4446 et
1005 4393 1119 4447 caetera
1143 4405 1215 4465 quae
1239 4404 1382 4446 canones
1399 4386 1433 4447 in
1449 4386 1512 4449 hac
