3667 5475
409 779 588 857 llos—8]
797 796 973 842 netsronm.
1344 789 1362 844 7

404 947 463 1033 qui
487 948 557 1011 haeo
579 945 687 1010 omnia
708 944 922 1021 inficiabatur,
948 945 1180 1011 restitutionem
1208 948 1358 1026 eeclesiae,

403 1072 505 1136 quam
520 1047 697 1135 praedictus
713 1047 876 1112 Ernaldus
896 1048 1035 1133 petebat,
1049 1052 1249 1126 extorsimus,
1266 1049 1359 1115 dum-

404 1151 503 1214 modo
514 1173 619 1214 eomes
630 1162 663 1214 et
677 1170 754 1214 suus
770 1152 808 1215 0.
821 1148 902 1215 citra
912 1150 1129 1215 frustratorias
1139 1149 1316 1227 dilationes
1329 1163 1361 1216 et

404 1250 542 1317 aliarum
557 1250 781 1317 difficultatum
801 1250 973 1329 molestias,
988 1253 1029 1316 ad
1049 1249 1259 1338 quaestionem
1274 1256 1359 1339 juris

405 1352 659 1418 admitterentur.
707 1355 812 1431 Quum
833 1374 909 1436 ergo
931 1354 1077 1439 partibus
1097 1376 1193 1439 super
1210 1354 1270 1417 hoe
1291 1354 1359 1418 dies

404 1468 489 1519 esset
497 1453 964 1540 praefixamadiejamdictuso.
972 1466 1003 1518 et
1012 1454 1359 1541 procuratorescomitis

405 1556 562 1620 sdversus
581 1556 848 1641 praenominatum
872 1560 912 1620 E.
930 1555 1115 1642 petitorium
1136 1556 1356 1630 instituerunt,

402 1658 547 1721 dicentes
560 1656 665 1743 ipsum
681 1658 800 1743 injuste
814 1679 973 1742 occupare
988 1657 1163 1736 ecclesiam,
1178 1679 1276 1742 quam
1291 1657 1358 1721 sine

403 1780 533 1822 assensu
559 1759 696 1835 comitis,
722 1772 755 1822 et
781 1758 1011 1822 advocatorum
1039 1757 1182 1842 ejusdem
1209 1756 1357 1837 ecclesia,
1399 1771 1404 1780 “

403 1882 504 1945 quam
518 1872 630 1925 contra
651 1860 916 1925 consuetudinem
939 1860 1039 1924 totius
1062 1859 1201 1923 ecclesiae
1222 1871 1253 1922 et
1268 1859 1357 1942 regni

406 1960 601 2046 Anglorum,
616 1975 728 2026 contra
749 1961 1008 2025 constitutionem
1031 1961 1115 2045 regis
1139 1972 1171 2039 et
1193 1960 1358 2044 antiquam

404 2062 549 2126 omnium
569 2084 737 2149 procerum
765 2062 956 2148 dignitatem
980 2065 1141 2146 ingressus
1167 2074 1235 2126 erat
1260 2084 1356 2125 manu

403 2177 438 2227 et
468 2163 617 2229 violentia
647 2165 820 2251 praedonis,
851 2168 909 2251 qui
945 2166 1078 2249 praefato
1114 2164 1222 2229 comiti
1253 2176 1357 2228 totum

405 2265 554 2341 fundum,
585 2272 617 2332 in
647 2290 715 2352 quo
745 2290 830 2353 saepe
860 2266 946 2329 dicta
974 2264 1104 2329 ecclesia
1135 2266 1194 2330 sita
1220 2277 1278 2347 est,
1301 2264 1356 2328 diu

405 2366 593 2431 abstulerat.
648 2367 878 2433 Proferebatur
902 2367 1031 2453 insuper
1057 2368 1241 2431 mandatum
1263 2366 1356 2451 regis,

403 2491 472 2554 quo
486 2469 750 2556 praeeipiebamur
764 2469 874 2534 comiti
890 2492 986 2555 super
1001 2470 1206 2534 advocatione
1221 2468 1358 2532 ecclesiae

405 2592 474 2634 suoe
483 2569 645 2655 justitiam
661 2571 823 2648 exhibere,
839 2585 896 2635 aut
912 2575 950 2637 Ο.
968 2584 1178 2656 praetaxatam
1196 2570 1358 2634 ecclesiam

404 2673 585 2750 restituere,
614 2696 679 2760 qua
708 2686 780 2759 post
810 2672 974 2738 decessum
1004 2674 1089 2759 regis
1119 2684 1229 2737 eontra
1258 2671 1358 2757 ipsius

403 2773 546 2838 edietum
576 2774 683 2839 fuerat
711 2775 901 2840 destitutus.
949 2777 1002 2840 Ad
1034 2776 1103 2839 lraec
1133 2775 1296 2839 Ernaldus
1326 2794 1358 2834 se

399 2875 492 2960 juste
506 2897 563 2960 per
578 2876 761 2963 episcopum
777 2899 908 2942 assensu
925 2877 1071 2940 advocati
1083 2874 1246 2938 ecclesiam
1261 2873 1359 2959 possi-

406 2973 487 3038 dere
507 2974 640 3043 dicebat.
686 2979 749 3042 Sed
772 2978 950 3044 advocatus
965 2978 1019 3041 ille
1042 2976 1147 3041 etalii
1169 2976 1261 3040 amici
1276 2976 1358 3061 ejus,

407 3089 579 3162 potentatu
594 3093 626 3144 et
639 3082 761 3167 injuriis
776 3080 911 3161 comitis,
928 3091 964 3145 ut
978 3082 1148 3156 asserebat,
1164 3079 1246 3144 adeo
1262 3091 1360 3142 terre·

407 3178 537 3260 bantur,
557 3181 644 3266 quod
665 3182 774 3246 nullus
794 3204 905 3246 eorum
925 3181 957 3245 in
979 3182 1039 3246 hoe
1059 3181 1184 3267 judicio
1208 3194 1241 3244 et
1262 3203 1361 3266 reguo

403 3281 630 3368 contraipsum
640 3303 795 3369 apparere
804 3282 1136 3368 audebat,praesertim
1147 3305 1248 3367 quum
1258 3303 1361 3345 comes

405 3392 441 3444 et
453 3402 530 3446 suus
545 3384 586 3447 Ο.
598 3405 661 3447 non
672 3382 769 3447 modo
784 3406 853 3462 sua,
866 3382 920 3447 sed
937 3396 968 3447 et
981 3406 1013 3446 se
1024 3383 1120 3468 regiae
1132 3381 1361 3466 magnitudinis

406 3481 549 3567 pondere
563 3487 598 3548 in
608 3484 734 3568 judicio
749 3496 934 3549 artarentur
948 3499 1057 3549 contra
1068 3506 1253 3569 pauperem,
1262 3504 1360 3569 quem

402 3581 449 3646 ab
473 3583 604 3648 ecelesia
630 3608 689 3649 sua
713 3587 825 3651 multis
849 3587 940 3651 annis
966 3587 1175 3652 excluserant.
1222 3589 1294 3650 Hac
1319 3584 1359 3648 de

400 3705 502 3748 causa
523 3685 566 3748 ad
588 3700 726 3751 vestram
757 3687 932 3773 appellavit
959 3688 1165 3766 audientiam,
1191 3687 1361 3773 praefigens

400 3783 491 3849 diem
506 3809 573 3872 qua
592 3800 751 3865 cantatur,
769 3792 820 3854 Aa
841 3800 872 3853 te
887 3793 996 3855 levam.
1043 3790 1195 3854 Osbertus
1211 3809 1285 3851 vero
1300 3788 1361 3850 sibi

400 3907 535 3952 causam
557 3892 609 3953 vel
626 3889 788 3955 ecelesiam
811 3891 892 3955 tanti
914 3914 975 3956 non
996 3913 1062 3955 esse
1078 3887 1279 3974 respondem,
1295 3885 1360 3951 litis

397 3987 498 4052 cessit
513 3989 728 4076 appellationi.
