3667 5475
526 772 588 830 m
778 784 914 831 tornius
929 782 1203 829 sanescenmnsrs
1381 766 1426 850 [r.
1443 786 1473 830 n.
1522 811 1548 825 κ
1592 763 1594 772 ’

523 948 557 1001 et
576 938 763 1002 auctoritate
781 937 910 1019 gradus,
930 950 961 1002 et
980 938 1154 1001 litterarum
1174 947 1207 1000 et
1224 938 1354 1001 babitus
1377 939 1474 1001 simu·

523 1038 642 1102 latione
653 1039 855 1123 praeminent,
867 1039 1066 1121 periclitetur
1076 1040 1262 1103 innocentia
1276 1039 1357 1123 ejus.
1392 1041 1475 1103 Nam

523 1149 556 1203 et
567 1138 666 1204 duces
681 1141 784 1223 quiin
800 1141 899 1203 lsrael
910 1140 1017 1204 officio
1028 1140 1292 1225 principabantur
1306 1152 1338 1204 et
1353 1141 1476 1215 merito,

523 1242 657 1325 Moyses
671 1240 823 1305 videlicet
841 1254 873 1305 et
887 1245 1005 1319 Aaron,
1020 1242 1062 1306 ed
1081 1262 1181 1326 aquas
1201 1242 1475 1317 contradictionis,

521 1341 645 1424 impetu
659 1342 874 1405 multitudinis
892 1343 976 1425 lapsi
997 1354 1081 1415 sunt,
1097 1354 1133 1405 ut
1147 1353 1236 1406 terror
1251 1342 1475 1424 promissionis

522 1442 757 1516 demererentur
779 1443 952 1506 introitum.
998 1443 1095 1526 Apud
1117 1464 1178 1505 nos
1201 1464 1276 1505 vero
1296 1443 1383 1507 fame
1407 1444 1474 1506 rul-

522 1545 619 1626 gerit,
634 1546 808 1626 Anglorum
823 1545 995 1628 episcopos
1004 1544 1073 1627 jam
1089 1544 1208 1627 saepius
1223 1546 1425 1622 convenisse,
1438 1554 1473 1607 ut
1490 1605 1492 1609 ,

521 1644 699 1709 deliberent
721 1655 754 1709 et
780 1646 955 1710 decomant
979 1646 1059 1730 quid
1081 1645 1167 1708 facto
1197 1666 1278 1726 opus
1302 1646 1354 1708 sit
1408 1645 1470 1709 Sed

522 1747 601 1831 quid
616 1769 727 1832 quaeso
741 1769 813 1810 rere
834 1746 1018 1824 decemeut,
1033 1748 1094 1810 nisi
1114 1769 1148 1810 se
1168 1749 1289 1810 turbari
1304 1758 1337 1811 et
1353 1750 1472 1826 timere,

521 1862 555 1912 et
583 1859 752 1930 utrumque
778 1868 876 1930 supra
899 1846 1056 1910 modum?
1091 1847 1168 1929 quid
1196 1846 1383 1924 decernent,
1412 1849 1474 1911 nisi

522 1949 608 2033 quod
634 1949 749 2012 cedere
771 1950 950 2011 maluerunt
969 1947 1182 2031 impudenter,
1206 1969 1302 2031 quam
1324 1949 1474 2033 injuriam

520 2052 651 2114 viriliter
669 2049 880 2134 propulsare?
905 2050 984 2133 quid
1005 2050 1180 2113 decernent
1195 2072 1277 2127 rere,
1299 2051 1364 2114 nisi
1386 2050 1470 2136 quod

519 2152 672 2234 iniquitas
686 2151 877 2229 dominetur,
893 2163 927 2215 et
947 2152 1010 2235 ipsi
1030 2153 1242 2234 peccantibus
1261 2173 1328 2215 non
1345 2174 1469 2216 annun·

520 2248 608 2311 ciant
622 2249 719 2311 vitam
735 2270 836 2326 suam,
850 2270 911 2312 nec
928 2251 1011 2314 viam
1028 2250 1162 2313 Domini
1176 2250 1374 2316 ostendunt?

563 2352 635 2413 Nec
660 2351 723 2414 hoc
749 2350 1009 2437 dixerim-quod
1034 2374 1106 2416 eum
1126 2353 1220 2415 velim
1243 2362 1298 2415 aut
1319 2354 1472 2417 suadeam

519 2451 683 2531 “dirigere
694 2452 826 2516 brachia
837 2466 949 2517 contra
961 2454 1160 2527 torrentem,‘'
1172 2466 1226 2517 aut
1236 2465 1273 2517 ut
1283 2476 1318 2517 se
1330 2456 1472 2519 multitu-

520 2554 589 2638 dini
598 2553 815 2636 imprudenter
823 2567 985 2639 opponat:
1001 2567 1034 2619 et
1044 2556 1215 2619 ecclesiam
1230 2577 1322 2619 suam
1331 2573 1474 2640 exponat

519 2653 672 2739 periculis
697 2665 731 2717 et
756 2656 922 2731 aerumnis3
952 2655 1009 2718 sed
1033 2668 1069 2719 ut
1094 2657 1235 2720 imitetur
1258 2657 1347 2741 quod
1371 2662 1473 2723 bonos

504 2758 631 2821 ‘secisse
654 2757 800 2838 legimus,
823 2756 923 2821 Cusai
945 2758 1144 2836 Arachitem,
1166 2759 1221 2842 qui
1245 2760 1472 2826 consiliumet

519 2861 672 2923 malitiam
701 2858 896 2942 Achitophel
930 2859 1147 2923 moderatione
1177 2860 1322 2923 adhibita
1350 2864 1474 2927 studuit

519 2960 682 3045 dissipare,
702 2961 786 3022 etin
806 2981 845 3022 eo
861 2961 957 3023 etiam
977 2960 1105 3023 fidelius
1125 2982 1199 3023 cum
1219 2963 1385 3026 Absaloue
1406 2987 1471 3028 ver-

518 3074 605 3126 satus
634 3073 692 3139 est,
722 3061 809 3144 quod
835 3062 865 3125 ei
891 3062 1055 3125 materiam
1085 3062 1243 3145 peccandi
1270 3065 1411 3144 sustulit,
1440 3080 1471 3131 et

518 3165 680 3248 patricidii
708 3165 871 3247 praeclusit
908 3165 1121 3227 occasionem.
1180 3167 1350 3250 Numquid
1388 3171 1471 3232 enim

516 3268 629 3329 fideles
645 3266 796 3348 opinaris,
811 3267 865 3348 qui
881 3267 1041 3347 peccandi
1057 3268 1122 3329 vias
1138 3265 1268 3330 domino
1284 3270 1353 3351 regi
1367 3292 1466 3356 expe·

517 3366 621 3439 diunt,
637 3375 669 3428 et
689 3365 725 3426 in
744 3386 783 3426 eo
806 3365 941 3428 studiosi
965 3379 1050 3446 sunt,
1072 3379 1108 3430 ut
1131 3380 1332 3451 prosperetur
1353 3373 1386 3433 in
1410 3374 1469 3451 his,

517 3490 590 3552 quae
605 3467 756 3531 adversus
772 3468 905 3530 Domini
915 3468 1070 3552 justitiam
1091 3472 1348 3553 praesumuntur?
1388 3477 1468 3538 Uter

515 3570 573 3632 tibi
588 3569 712 3632 videtur
723 3567 859 3645 fidelior,
869 3591 909 3632 an
926 3569 981 3651 qui
997 3569 1038 3633 ad
1052 3581 1165 3634 nutum
1176 3573 1298 3634 erronei
1310 3575 1468 3639 ministrat

516 3674 640 3756 culpas,
656 3694 696 3735 an
713 3671 767 3756 qui
783 3672 981 3754 perniciosas
995 3674 1096 3754 abigit
1111 3675 1311 3757 voluptates?
1344 3677 1468 3742 Sentiat

515 3773 735 3857 uuusquisque
758 3771 845 3856 quod
860 3772 1003 3835 voluerit.
1047 3774 1121 3854 Ego
1142 3796 1315 3858 numquam
1338 3775 1467 3841 domino

516 3885 549 3936 et
562 3873 666 3935 emico
682 3870 839 3954 reputabo
862 3872 1001 3947 fidelem,
1019 3874 1075 3956 qui
1095 3875 1141 3937 sic
1165 3875 1250 3938 illius
1266 3877 1467 3960 obtemperat

514 3975 681 4057 voluptati,
697 3986 733 4038 ut
756 3975 866 4037 salutis
882 3988 915 4036 et
930 3976 1003 4038 vitae
1020 3975 1227 4058 dispendium
1243 3980 1373 4043 afferat:
1404 3983 1467 4044 nisi

513 4076 594 4137 forte
619 4076 710 4136 Sauli
736 4074 864 4137 fidelem
891 4086 985 4158 putes
1011 4076 1110 4140 fuisse
1140 4078 1320 4142 Idumaeum
1347 4083 1465 4160 Doeth,

513 4173 569 4254 qui
583 4173 765 4237 sacerdotes
786 4176 919 4238 Domini
939 4179 1057 4257 gladio,
1072 4199 1136 4261 quo
1158 4169 1301 4262 seipsum
1317 4183 1465 4245 transfos-

512 4293 604 4338 surus
634 4284 710 4349 erat,
738 4275 869 4353 occidit,
896 4289 929 4340 et
959 4279 1153 4363 Achitophel
1178 4281 1239 4344 fuit
1267 4285 1464 4348 necessarius

512 4376 678 4455 Absaloni,
693 4398 757 4463 qno
773 4376 928 4440 suadente
943 4381 1048 4462 palam
1064 4382 1097 4444 in
1114 4404 1248 4445 uxorem
1263 4385 1363 4466 patris
1379 4407 1464 4449 com-
