<?xml version="1.0" encoding="UTF-8"?>
<!DOCTYPE html PUBLIC "-//W3C//DTD XHTML 1.0 Transitional//EN"
    "http://www.w3.org/TR/xhtml1/DTD/xhtml1-transitional.dtd">
<html xmlns="http://www.w3.org/1999/xhtml" xml:lang="en" lang="en">
 <head>
  <title>
</title>
<meta http-equiv="Content-Type" content="text/html;charset=utf-8" />
  <meta name='ocr-system' content='tesseract 3.04.00' />
  <meta name='ocr-capabilities' content='ocr_page ocr_carea ocr_par ocr_line ocrx_word'/>
</head>
<body>
  <div class='ocr_page' id='page_1' title='image "./operaomnianuncp03johngoog_0021.png"; bbox 0 0 3667 5475; ppageno 0'>
   <div class='ocr_carea' id='block_1_1' title="bbox 440 1156 1292 1245">
    <p class='ocr_par' dir='ltr' id='par_1_1' title="bbox 440 1156 1292 1245">
     <span class='ocr_line' id='line_1_1' title="bbox 440 1156 1292 1245; baseline -0.007 -2"><span class='ocrx_word' id='word_1_1' title='bbox 440 1159 709 1245; x_wconf 87' lang='lat' dir='ltr'><strong>JOANNIS</strong></span> <span class='ocrx_word' id='word_1_2' title='bbox 751 1156 1292 1243; x_wconf 85' lang='lat' dir='ltr'>SARESBERIENSIS</span> 
     </span>
    </p>
   </div>
   <div class='ocr_carea' id='block_1_2' title="bbox 589 1382 1149 1448">
    <p class='ocr_par' dir='ltr' id='par_1_2' title="bbox 589 1382 1149 1448">
     <span class='ocr_line' id='line_1_2' title="bbox 589 1382 1149 1448; baseline -0.005 -2"><span class='ocrx_word' id='word_1_3' title='bbox 589 1382 802 1448; x_wconf 83' lang='lat' dir='ltr'>EPISCOPI</span> <span class='ocrx_word' id='word_1_4' title='bbox 826 1382 1149 1446; x_wconf 83' lang='lat' dir='ltr'>CARNOTENSIS</span> 
     </span>
    </p>
   </div>
   <div class='ocr_carea' id='block_1_3' title="bbox 733 1589 1011 1664">
    <p class='ocr_par' dir='ltr' id='par_1_3' title="bbox 733 1589 1011 1664">
     <span class='ocr_line' id='line_1_3' title="bbox 733 1589 1011 1664; baseline -0.014 0"><span class='ocrx_word' id='word_1_5' title='bbox 733 1589 1011 1664; x_wconf 88' lang='lat' dir='ltr'><strong>EPISTOLAE.</strong></span> 
     </span>
    </p>
   </div>
   <div class='ocr_carea' id='block_1_4' title="bbox 512 2023 1225 2096">
    <p class='ocr_par' dir='ltr' id='par_1_4' title="bbox 512 2023 1225 2096">
     <span class='ocr_line' id='line_1_4' title="bbox 512 2023 1225 2096; baseline -0.01 -9"><span class='ocrx_word' id='word_1_6' title='bbox 512 2024 735 2087; x_wconf 85' lang='lat' dir='ltr'><strong>EPISTOLA</strong></span> <span class='ocrx_word' id='word_1_7' title='bbox 780 2023 896 2084; x_wconf 77' lang='lat' dir='ltr'>I.-nn</span> <span class='ocrx_word' id='word_1_8' title='bbox 913 2038 1021 2082; x_wconf 67' lang='lat' dir='ltr'>eursu</span> <span class='ocrx_word' id='word_1_9' title='bbox 1039 2037 1225 2096; x_wconf 65' lang='lat' dir='ltr'>annnorum.</span> 
     </span>
    </p>
   </div>
   <div class='ocr_carea' id='block_1_5' title="bbox 658 2172 1079 2254">
    <p class='ocr_par' dir='ltr' id='par_1_5' title="bbox 658 2172 1079 2254">
     <span class='ocr_line' id='line_1_5' title="bbox 658 2172 1079 2254; baseline 0 -20"><span class='ocrx_word' id='word_1_10' title='bbox 658 2174 799 2234; x_wconf 82' lang='lat' dir='ltr'>Domino</span> <span class='ocrx_word' id='word_1_11' title='bbox 811 2193 907 2254; x_wconf 75' lang='lat' dir='ltr'>popm</span> <span class='ocrx_word' id='word_1_12' title='bbox 924 2172 1079 2234; x_wconf 79' lang='lat' dir='ltr'>Adriano.</span> 
     </span>
    </p>
   </div>
   <div class='ocr_carea' id='block_1_6' title="bbox 312 2302 1353 4419">
    <p class='ocr_par' dir='ltr' id='par_1_6' title="bbox 312 2302 1353 4419">
     <span class='ocr_line' id='line_1_6' title="bbox 434 2302 1344 2387; baseline 0 -18"><span class='ocrx_word' id='word_1_13' title='bbox 434 2308 544 2370; x_wconf 79' lang='lat' dir='ltr'>luruu</span> <span class='ocrx_word' id='word_1_14' title='bbox 566 2302 735 2367; x_wconf 84' lang='lat' dir='ltr'>monachos</span> <span class='ocrx_word' id='word_1_15' title='bbox 757 2302 895 2366; x_wconf 74' lang='lat' dir='ltr'>abbatiae</span> <span class='ocrx_word' id='word_1_16' title='bbox 921 2302 1081 2387; x_wconf 86' lang='lat' dir='ltr'>Hugonis‚</span> <span class='ocrx_word' id='word_1_17' title='bbox 1103 2316 1134 2368; x_wconf 89' lang='lat' dir='ltr'>et</span> <span class='ocrx_word' id='word_1_18' title='bbox 1159 2306 1277 2369; x_wconf 88' lang='lat' dir='ltr'>clerum</span> <span class='ocrx_word' id='word_1_19' title='bbox 1303 2307 1344 2369; x_wconf 90' lang='lat' dir='ltr'>de</span> 
     </span>
     <span class='ocr_line' id='line_1_7' title="bbox 390 2403 1344 2492; baseline 0.001 -21"><span class='ocrx_word' id='word_1_20' title='bbox 390 2408 540 2492; x_wconf 76' lang='lat' dir='ltr'>Henham</span> <span class='ocrx_word' id='word_1_21' title='bbox 559 2404 776 2468; x_wconf 86' lang='lat' dir='ltr'>controversia</span> <span class='ocrx_word' id='word_1_22' title='bbox 795 2403 921 2467; x_wconf 90' lang='lat' dir='ltr'>diutius</span> <span class='ocrx_word' id='word_1_23' title='bbox 942 2405 1064 2488; x_wconf 85' lang='lat' dir='ltr'>agitata</span> <span class='ocrx_word' id='word_1_24' title='bbox 1086 2419 1145 2470; x_wconf 91' lang='lat' dir='ltr'>est.</span> <span class='ocrx_word' id='word_1_25' title='bbox 1192 2409 1344 2473; x_wconf 87' lang='lat' dir='ltr'>Monacbi</span> 
     </span>
     <span class='ocr_line' id='line_1_8' title="bbox 389 2495 1341 2594; baseline 0.003 -23"><span class='ocrx_word' id='word_1_26' title='bbox 389 2495 545 2594; x_wconf 79' lang='lat' dir='ltr'>siquidem</span> <span class='ocrx_word' id='word_1_27' title='bbox 570 2530 589 2570; x_wconf 94' lang='lat' dir='ltr'>a</span> <span class='ocrx_word' id='word_1_28' title='bbox 612 2506 776 2569; x_wconf 91' lang='lat' dir='ltr'>nominato</span> <span class='ocrx_word' id='word_1_29' title='bbox 800 2508 943 2588; x_wconf 85' lang='lat' dir='ltr'>Hugone</span> <span class='ocrx_word' id='word_1_30' title='bbox 970 2512 1011 2569; x_wconf 85' lang='lat'>33</span> <span class='ocrx_word' id='word_1_31' title='bbox 1039 2506 1157 2571; x_wconf 87' lang='lat' dir='ltr'>solidos</span> <span class='ocrx_word' id='word_1_32' title='bbox 1179 2510 1341 2594; x_wconf 87' lang='lat' dir='ltr'>petebant,</span> 
     </span>
     <span class='ocr_line' id='line_1_9' title="bbox 388 2605 1342 2695; baseline 0.003 -24"><span class='ocrx_word' id='word_1_33' title='bbox 388 2608 529 2672; x_wconf 90' lang='lat' dir='ltr'>dicentes</span> <span class='ocrx_word' id='word_1_34' title='bbox 544 2630 597 2670; x_wconf 90' lang='lat' dir='ltr'>eos</span> <span class='ocrx_word' id='word_1_35' title='bbox 613 2606 672 2669; x_wconf 84' lang='lat' dir='ltr'>sibi</span> <span class='ocrx_word' id='word_1_36' title='bbox 688 2605 798 2670; x_wconf 87' lang='lat' dir='ltr'>deberi</span> <span class='ocrx_word' id='word_1_37' title='bbox 812 2606 937 2669; x_wconf 91' lang='lat' dir='ltr'>nomine</span> <span class='ocrx_word' id='word_1_38' title='bbox 953 2608 1123 2690; x_wconf 85' lang='lat' dir='ltr'>pensionis,</span> <span class='ocrx_word' id='word_1_39' title='bbox 1136 2612 1167 2673; x_wconf 90' lang='lat' dir='ltr'>in</span> <span class='ocrx_word' id='word_1_40' title='bbox 1184 2631 1281 2695; x_wconf 87' lang='lat' dir='ltr'>quarn</span> <span class='ocrx_word' id='word_1_41' title='bbox 1297 2611 1342 2674; x_wconf 88' lang='lat' dir='ltr'>eis</span> 
     </span>
     <span class='ocr_line' id='line_1_10' title="bbox 389 2704 1344 2796; baseline 0.001 -21"><span class='ocrx_word' id='word_1_42' title='bbox 389 2721 516 2775; x_wconf 85' lang='lat' dir='ltr'>tenetur</span> <span class='ocrx_word' id='word_1_43' title='bbox 539 2708 580 2772; x_wconf 97' lang='lat' dir='ltr'>ab</span> <span class='ocrx_word' id='word_1_44' title='bbox 604 2706 738 2792; x_wconf 90' lang='lat' dir='ltr'>antiquo</span> <span class='ocrx_word' id='word_1_45' title='bbox 758 2704 889 2771; x_wconf 84' lang='lat' dir='ltr'>ecclesia</span> <span class='ocrx_word' id='word_1_46' title='bbox 907 2707 949 2772; x_wconf 87' lang='lat' dir='ltr'>de</span> <span class='ocrx_word' id='word_1_47' title='bbox 968 2708 1135 2773; x_wconf 85' lang='lat' dir='ltr'>Henbam:</span> <span class='ocrx_word' id='word_1_48' title='bbox 1160 2710 1344 2796; x_wconf 86' lang='lat' dir='ltr'>adjicientes</span> 
     </span>
     <span class='ocr_line' id='line_1_11' title="bbox 388 2807 1341 2876; baseline 0.002 -2"><span class='ocrx_word' id='word_1_49' title='bbox 388 2822 597 2874; x_wconf 90' lang='lat' dir='ltr'>memoratum</span> <span class='ocrx_word' id='word_1_50' title='bbox 624 2812 669 2873; x_wconf 92' lang='lat' dir='ltr'>H.</span> <span class='ocrx_word' id='word_1_51' title='bbox 697 2809 738 2872; x_wconf 88' lang='lat' dir='ltr'>ad</span> <span class='ocrx_word' id='word_1_52' title='bbox 769 2807 957 2872; x_wconf 83' lang='lat' dir='ltr'>solutionem</span> <span class='ocrx_word' id='word_1_53' title='bbox 988 2810 1172 2873; x_wconf 90' lang='lat' dir='ltr'>eorumdem</span> <span class='ocrx_word' id='word_1_54' title='bbox 1203 2835 1271 2876; x_wconf 86' lang='lat' dir='ltr'>esse</span> <span class='ocrx_word' id='word_1_55' title='bbox 1300 2836 1341 2876; x_wconf 85' lang='lat' dir='ltr'>ex</span> 
     </span>
     <span class='ocr_line' id='line_1_12' title="bbox 388 2909 1339 2998; baseline 0.002 -24"><span class='ocrx_word' id='word_1_56' title='bbox 388 2909 517 2998; x_wconf 85' lang='lat' dir='ltr'>speciali</span> <span class='ocrx_word' id='word_1_57' title='bbox 537 2922 642 2996; x_wconf 89' lang='lat' dir='ltr'>pacto,</span> <span class='ocrx_word' id='word_1_58' title='bbox 663 2909 893 2973; x_wconf 90' lang='lat' dir='ltr'>interveniente</span> <span class='ocrx_word' id='word_1_59' title='bbox 915 2909 990 2974; x_wconf 87' lang='lat' dir='ltr'>fidei</span> <span class='ocrx_word' id='word_1_60' title='bbox 1015 2911 1154 2991; x_wconf 90' lang='lat' dir='ltr'>vinculo,</span> <span class='ocrx_word' id='word_1_61' title='bbox 1176 2910 1339 2976; x_wconf 88' lang='lat' dir='ltr'>literarum</span> 
     </span>
     <span class='ocr_line' id='line_1_13' title="bbox 389 3001 1353 3097; baseline 0.002 -21"><span class='ocrx_word' id='word_1_62' title='bbox 389 3013 570 3078; x_wconf 89' lang='lat' dir='ltr'>testimonio</span> <span class='ocrx_word' id='word_1_63' title='bbox 590 3011 780 3094; x_wconf 74' lang='lat' dir='ltr'>obligatum.</span> <span class='ocrx_word' id='word_1_64' title='bbox 827 3013 873 3076; x_wconf 90' lang='lat' dir='ltr'>Et</span> <span class='ocrx_word' id='word_1_65' title='bbox 896 3025 933 3075; x_wconf 96' lang='lat' dir='ltr'>ut</span> <span class='ocrx_word' id='word_1_66' title='bbox 955 3011 1119 3097; x_wconf 87' lang='lat' dir='ltr'>petitionis</span> <span class='ocrx_word' id='word_1_67' title='bbox 1146 3036 1212 3077; x_wconf 78' lang='lat' dir='ltr'>suae</span> <span class='ocrx_word' id='word_1_68' title='bbox 1238 3001 1353 3078; x_wconf 45' lang='lat' dir='ltr'>intenss</span> 
     </span>
     <span class='ocr_line' id='line_1_14' title="bbox 312 3112 1342 3190; baseline 0.005 -12"><span class='ocrx_word' id='word_1_69' title='bbox 312 3126 315 3131; x_wconf 87' lang='lat'>&#39;</span> <span class='ocrx_word' id='word_1_70' title='bbox 388 3116 505 3180; x_wconf 88' lang='lat' dir='ltr'>tionem</span> <span class='ocrx_word' id='word_1_71' title='bbox 528 3112 674 3179; x_wconf 83' lang='lat' dir='ltr'>stabilius</span> <span class='ocrx_word' id='word_1_72' title='bbox 695 3114 881 3190; x_wconf 87' lang='lat' dir='ltr'>fundarent,</span> <span class='ocrx_word' id='word_1_73' title='bbox 899 3136 933 3178; x_wconf 89' lang='lat' dir='ltr'>se</span> <span class='ocrx_word' id='word_1_74' title='bbox 947 3137 966 3177; x_wconf 98' lang='lat' dir='ltr'>a</span> <span class='ocrx_word' id='word_1_75' title='bbox 981 3115 1109 3179; x_wconf 93' lang='lat' dir='ltr'>duobus</span> <span class='ocrx_word' id='word_1_76' title='bbox 1124 3115 1342 3182; x_wconf 82' lang='lat' dir='ltr'>decessoribus</span> 
     </span>
     <span class='ocr_line' id='line_1_15' title="bbox 390 3215 1343 3303; baseline 0.004 -24"><span class='ocrx_word' id='word_1_77' title='bbox 390 3215 535 3303; x_wconf 73' lang='lat' dir='ltr'>praedicti</span> <span class='ocrx_word' id='word_1_78' title='bbox 557 3221 601 3281; x_wconf 91' lang='lat' dir='ltr'>H.</span> <span class='ocrx_word' id='word_1_79' title='bbox 626 3215 790 3280; x_wconf 87' lang='lat' dir='ltr'>Willelmo</span> <span class='ocrx_word' id='word_1_80' title='bbox 811 3229 843 3282; x_wconf 88' lang='lat' dir='ltr'>et</span> <span class='ocrx_word' id='word_1_81' title='bbox 866 3219 898 3280; x_wconf 91' lang='lat' dir='ltr'>S.</span> <span class='ocrx_word' id='word_1_82' title='bbox 915 3216 970 3279; x_wconf 89' lang='lat' dir='ltr'>sed</span> <span class='ocrx_word' id='word_1_83' title='bbox 991 3229 1024 3280; x_wconf 96' lang='lat' dir='ltr'>et</span> <span class='ocrx_word' id='word_1_84' title='bbox 1046 3218 1087 3283; x_wconf 88' lang='lat' dir='ltr'>ab</span> <span class='ocrx_word' id='word_1_85' title='bbox 1108 3218 1178 3303; x_wconf 91' lang='lat' dir='ltr'>ipso</span> <span class='ocrx_word' id='word_1_86' title='bbox 1201 3222 1343 3303; x_wconf 85' lang='lat' dir='ltr'>Hugone</span> 
     </span>
     <span class='ocr_line' id='line_1_16' title="bbox 388 3318 1341 3404; baseline 0.003 -22"><span class='ocrx_word' id='word_1_87' title='bbox 388 3318 536 3382; x_wconf 88' lang='lat' dir='ltr'>dicebant</span> <span class='ocrx_word' id='word_1_88' title='bbox 560 3319 715 3403; x_wconf 87' lang='lat' dir='ltr'>recepisse</span> <span class='ocrx_word' id='word_1_89' title='bbox 741 3319 909 3404; x_wconf 78' lang='lat' dir='ltr'>praefatam</span> <span class='ocrx_word' id='word_1_90' title='bbox 933 3318 1126 3403; x_wconf 89' lang='lat' dir='ltr'>pensionem,</span> <span class='ocrx_word' id='word_1_91' title='bbox 1154 3321 1257 3404; x_wconf 90' lang='lat' dir='ltr'>parati</span> <span class='ocrx_word' id='word_1_92' title='bbox 1280 3321 1341 3385; x_wconf 89' lang='lat' dir='ltr'>boc</span> 
     </span>
     <span class='ocr_line' id='line_1_17' title="bbox 387 3419 1341 3505; baseline 0.004 -23"><span class='ocrx_word' id='word_1_93' title='bbox 387 3421 521 3505; x_wconf 86' lang='lat' dir='ltr'>probare</span> <span class='ocrx_word' id='word_1_94' title='bbox 536 3420 753 3484; x_wconf 89' lang='lat' dir='ltr'>incontinenti.</span> <span class='ocrx_word' id='word_1_95' title='bbox 801 3419 854 3482; x_wconf 88' lang='lat' dir='ltr'>Ad</span> <span class='ocrx_word' id='word_1_96' title='bbox 872 3419 942 3483; x_wconf 87' lang='lat' dir='ltr'>baec</span> <span class='ocrx_word' id='word_1_97' title='bbox 966 3419 1165 3483; x_wconf 84' lang='lat' dir='ltr'>Humfredus</span> <span class='ocrx_word' id='word_1_98' title='bbox 1179 3420 1341 3486; x_wconf 87' lang='lat' dir='ltr'>ecclesiam</span> 
     </span>
     <span class='ocr_line' id='line_1_18' title="bbox 387 3520 1339 3608; baseline 0.002 -22"><span class='ocrx_word' id='word_1_99' title='bbox 387 3543 477 3586; x_wconf 88' lang='lat' dir='ltr'>suam</span> <span class='ocrx_word' id='word_1_100' title='bbox 493 3523 534 3585; x_wconf 94' lang='lat' dir='ltr'>ab</span> <span class='ocrx_word' id='word_1_101' title='bbox 549 3522 683 3608; x_wconf 83' lang='lat' dir='ltr'>antiquo</span> <span class='ocrx_word' id='word_1_102' title='bbox 698 3520 830 3585; x_wconf 85' lang='lat' dir='ltr'>liberam</span> <span class='ocrx_word' id='word_1_103' title='bbox 845 3544 912 3584; x_wconf 91' lang='lat' dir='ltr'>esse</span> <span class='ocrx_word' id='word_1_104' title='bbox 932 3521 1073 3586; x_wconf 88' lang='lat' dir='ltr'>dicebat:</span> <span class='ocrx_word' id='word_1_105' title='bbox 1098 3522 1172 3586; x_wconf 88' lang='lat' dir='ltr'>licet</span> <span class='ocrx_word' id='word_1_106' title='bbox 1194 3525 1339 3588; x_wconf 87' lang='lat' dir='ltr'>monachi</span> 
     </span>
     <span class='ocr_line' id='line_1_19' title="bbox 386 3623 1338 3710; baseline 0.005 -25"><span class='ocrx_word' id='word_1_107' title='bbox 386 3623 427 3687; x_wconf 88' lang='lat' dir='ltr'>ab</span> <span class='ocrx_word' id='word_1_108' title='bbox 469 3628 611 3708; x_wconf 81' lang='lat' dir='ltr'>Hugone</span> <span class='ocrx_word' id='word_1_109' title='bbox 649 3637 846 3688; x_wconf 87' lang='lat' dir='ltr'>antecessore</span> <span class='ocrx_word' id='word_1_110' title='bbox 882 3625 953 3710; x_wconf 90' lang='lat' dir='ltr'>ejus</span> <span class='ocrx_word' id='word_1_111' title='bbox 990 3648 1126 3689; x_wconf 88' lang='lat' dir='ltr'>marcam</span> <span class='ocrx_word' id='word_1_112' title='bbox 1164 3625 1338 3690; x_wconf 88' lang='lat' dir='ltr'>indebitam</span> 
     </span>
     <span class='ocr_line' id='line_1_20' title="bbox 383 3724 1336 3809; baseline 0.002 -23"><span class='ocrx_word' id='word_1_113' title='bbox 383 3724 537 3787; x_wconf 83' lang='lat' dir='ltr'>violenter</span> <span class='ocrx_word' id='word_1_114' title='bbox 552 3737 765 3789; x_wconf 87' lang='lat' dir='ltr'>extorserunt.</span> <span class='ocrx_word' id='word_1_115' title='bbox 812 3725 961 3809; x_wconf 85' lang='lat' dir='ltr'>Negabat</span> <span class='ocrx_word' id='word_1_116' title='bbox 981 3725 1065 3788; x_wconf 91' lang='lat' dir='ltr'>enim</span> <span class='ocrx_word' id='word_1_117' title='bbox 1085 3725 1336 3790; x_wconf 85' lang='lat' dir='ltr'>constantissime</span> 
     </span>
     <span class='ocr_line' id='line_1_21' title="bbox 383 3823 1337 3912; baseline -0.001 -22"><span class='ocrx_word' id='word_1_118' title='bbox 383 3850 416 3890; x_wconf 87' lang='lat' dir='ltr'>se</span> <span class='ocrx_word' id='word_1_119' title='bbox 431 3848 504 3890; x_wconf 91' lang='lat' dir='ltr'>cum</span> <span class='ocrx_word' id='word_1_120' title='bbox 520 3826 598 3912; x_wconf 90' lang='lat' dir='ltr'>ipsis</span> <span class='ocrx_word' id='word_1_121' title='bbox 613 3826 654 3889; x_wconf 92' lang='lat' dir='ltr'>de</span> <span class='ocrx_word' id='word_1_122' title='bbox 668 3823 778 3911; x_wconf 83' lang='lat' dir='ltr'>aliqua</span> <span class='ocrx_word' id='word_1_123' title='bbox 799 3825 949 3911; x_wconf 86' lang='lat' dir='ltr'>pensione</span> <span class='ocrx_word' id='word_1_124' title='bbox 971 3824 1136 3888; x_wconf 86' lang='lat' dir='ltr'>reddenda</span> <span class='ocrx_word' id='word_1_125' title='bbox 1150 3848 1337 3911; x_wconf 90' lang='lat' dir='ltr'>quamcum-</span> 
     </span>
     <span class='ocr_line' id='line_1_22' title="bbox 384 3924 1336 4015; baseline -0.001 -23"><span class='ocrx_word' id='word_1_126' title='bbox 384 3951 448 4015; x_wconf 92' lang='lat' dir='ltr'>que</span> <span class='ocrx_word' id='word_1_127' title='bbox 464 3927 591 3991; x_wconf 90' lang='lat' dir='ltr'>inivisse</span> <span class='ocrx_word' id='word_1_128' title='bbox 607 3927 802 4012; x_wconf 90' lang='lat' dir='ltr'>pactionem:</span> <span class='ocrx_word' id='word_1_129' title='bbox 828 3947 973 3990; x_wconf 86' lang='lat' dir='ltr'>asserens</span> <span class='ocrx_word' id='word_1_130' title='bbox 988 3948 1021 3988; x_wconf 91' lang='lat' dir='ltr'>se</span> <span class='ocrx_word' id='word_1_131' title='bbox 1036 3924 1077 3988; x_wconf 89' lang='lat' dir='ltr'>ab</span> <span class='ocrx_word' id='word_1_132' title='bbox 1095 3925 1211 3990; x_wconf 85' lang='lat' dir='ltr'>abbate</span> <span class='ocrx_word' id='word_1_133' title='bbox 1231 3927 1336 3992; x_wconf 85' lang='lat' dir='ltr'>Aben-</span> 
     </span>
     <span class='ocr_line' id='line_1_23' title="bbox 383 4027 1335 4117; baseline 0.002 -24"><span class='ocrx_word' id='word_1_134' title='bbox 383 4029 488 4094; x_wconf 85' lang='lat' dir='ltr'>doniae</span> <span class='ocrx_word' id='word_1_135' title='bbox 504 4029 664 4095; x_wconf 87' lang='lat' dir='ltr'>ecclesiam</span> <span class='ocrx_word' id='word_1_136' title='bbox 681 4028 823 4108; x_wconf 85' lang='lat' dir='ltr'>liberam,</span> <span class='ocrx_word' id='word_1_137' title='bbox 834 4041 866 4091; x_wconf 92' lang='lat' dir='ltr'>et</span> <span class='ocrx_word' id='word_1_138' title='bbox 880 4031 947 4091; x_wconf 91' lang='lat' dir='ltr'>sine</span> <span class='ocrx_word' id='word_1_139' title='bbox 963 4027 1163 4113; x_wconf 85' lang='lat' dir='ltr'>expressione</span> <span class='ocrx_word' id='word_1_140' title='bbox 1178 4030 1335 4117; x_wconf 87' lang='lat' dir='ltr'>cujusque</span> 
     </span>
     <span class='ocr_line' id='line_1_24' title="bbox 383 4129 1336 4222; baseline 0.001 -26"><span class='ocrx_word' id='word_1_141' title='bbox 383 4132 487 4196; x_wconf 86' lang='lat' dir='ltr'>oneris</span> <span class='ocrx_word' id='word_1_142' title='bbox 510 4131 678 4222; x_wconf 82' lang='lat' dir='ltr'>accepisse,</span> <span class='ocrx_word' id='word_1_143' title='bbox 702 4141 734 4194; x_wconf 84' lang='lat' dir='ltr'>et</span> <span class='ocrx_word' id='word_1_144' title='bbox 758 4152 815 4216; x_wconf 88' lang='lat' dir='ltr'>per</span> <span class='ocrx_word' id='word_1_145' title='bbox 841 4129 1098 4194; x_wconf 82' lang='lat' dir='ltr'>archidiaconum</span> <span class='ocrx_word' id='word_1_146' title='bbox 1125 4131 1276 4217; x_wconf 90' lang='lat' dir='ltr'>episcopi,</span> <span class='ocrx_word' id='word_1_147' title='bbox 1299 4148 1336 4198; x_wconf 88' lang='lat' dir='ltr'>ut</span> 
     </span>
     <span class='ocr_line' id='line_1_25' title="bbox 384 4231 1336 4319; baseline 0 -21"><span class='ocrx_word' id='word_1_148' title='bbox 384 4257 453 4298; x_wconf 86' lang='lat' dir='ltr'>mos</span> <span class='ocrx_word' id='word_1_149' title='bbox 472 4247 533 4310; x_wconf 89' lang='lat' dir='ltr'>est,</span> <span class='ocrx_word' id='word_1_150' title='bbox 548 4233 580 4297; x_wconf 95' lang='lat' dir='ltr'>in</span> <span class='ocrx_word' id='word_1_151' title='bbox 603 4234 830 4319; x_wconf 87' lang='lat' dir='ltr'>possessionem</span> <span class='ocrx_word' id='word_1_152' title='bbox 852 4231 984 4296; x_wconf 85' lang='lat' dir='ltr'>liberam</span> <span class='ocrx_word' id='word_1_153' title='bbox 1005 4232 1153 4296; x_wconf 88' lang='lat' dir='ltr'>canonice</span> <span class='ocrx_word' id='word_1_154' title='bbox 1173 4233 1336 4298; x_wconf 87' lang='lat' dir='ltr'>introduc-</span> 
     </span>
     <span class='ocr_line' id='line_1_26' title="bbox 385 4332 1336 4419; baseline 0 -21"><span class='ocrx_word' id='word_1_155' title='bbox 385 4349 467 4415; x_wconf 89' lang='lat' dir='ltr'>tum,</span> <span class='ocrx_word' id='word_1_156' title='bbox 478 4358 535 4398; x_wconf 91' lang='lat' dir='ltr'>nec</span> <span class='ocrx_word' id='word_1_157' title='bbox 551 4335 637 4411; x_wconf 85' lang='lat' dir='ltr'>fidei,</span> <span class='ocrx_word' id='word_1_158' title='bbox 650 4347 707 4398; x_wconf 88' lang='lat' dir='ltr'>aut</span> <span class='ocrx_word' id='word_1_159' title='bbox 723 4335 900 4419; x_wconf 86' lang='lat' dir='ltr'>scripturae,</span> <span class='ocrx_word' id='word_1_160' title='bbox 913 4347 970 4397; x_wconf 86' lang='lat' dir='ltr'>aut</span> <span class='ocrx_word' id='word_1_161' title='bbox 986 4332 1121 4416; x_wconf 85' lang='lat' dir='ltr'>alicujus</span> <span class='ocrx_word' id='word_1_162' title='bbox 1132 4332 1336 4418; x_wconf 84' lang='lat' dir='ltr'>obligationis</span> 
     </span>
    </p>
   </div>
   <div class='ocr_carea' id='block_1_7' title="bbox 430 4456 869 4502">
    <p class='ocr_par' dir='ltr' id='par_1_7' title="bbox 430 4456 869 4502">
     <span class='ocr_line' id='line_1_27' title="bbox 430 4456 869 4502; baseline -0.007 -1"><span class='ocrx_word' id='word_1_163' title='bbox 430 4457 502 4502; x_wconf 85' lang='lat' dir='ltr'>VOL.</span> <span class='ocrx_word' id='word_1_164' title='bbox 519 4459 542 4501; x_wconf 86' lang='lat'>1.</span> <span class='ocrx_word' id='word_1_165' title='bbox 848 4456 869 4498; x_wconf 89' lang='lat' dir='ltr'><strong>B</strong></span> 
     </span>
    </p>
   </div>
   <div class='ocr_carea' id='block_1_8' title="bbox 533 4568 557 4607">
    <p class='ocr_par' dir='ltr' id='par_1_8' title="bbox 533 4568 557 4607">
     <span class='ocr_line' id='line_1_28' title="bbox 533 4568 557 4607; baseline 0 -10"><span class='ocrx_word' id='word_1_166' title='bbox 533 4568 557 4607; x_wconf 69' lang='lat' dir='ltr'><em>s</em></span> 
     </span>
    </p>
   </div>
   <div class='ocr_carea' id='block_1_9' title="bbox 0 0 1838 5475">
    <p class='ocr_par' dir='ltr' id='par_1_9' title="bbox 0 0 1838 5475">
     <span class='ocr_line' id='line_1_29' title="bbox 0 0 1838 5475; baseline 0 4"><span class='ocrx_word' id='word_1_167' title='bbox 0 0 1838 5475; x_wconf 95' lang='lat' dir='ltr'> </span> 
     </span>
    </p>
   </div>
  </div>
 </body>
</html>
