3667 5475
436 794 546 873 llett]
809 804 995 851 aramus.
1325 789 1389 849 288

432 986 507 1027 cum
531 961 664 1023 domino
687 960 841 1041 episeopo
863 959 933 1032 rite,
955 956 1041 1040 quod
1064 956 1107 1019 ad
1133 958 1386 1022 incolumitatem

432 1064 520 1135 dico,
544 1063 660 1142 aginat,
686 1072 763 1122 tunc
790 1072 823 1122 et
845 1058 888 1121 ad
910 1057 974 1121 hoc
999 1057 1187 1139 responderi
1209 1057 1388 1140 gratissime

433 1165 624 1248 acceptabo.
665 1162 835 1239 Caeterum,
850 1161 927 1243 quia
940 1159 1011 1223 haec
1026 1158 1209 1223 sollicitudo
1224 1161 1266 1223 ab
1281 1162 1389 1226 animo

434 1289 509 1330 meo
524 1287 591 1327 non
606 1263 741 1339 recedit,
751 1265 789 1340 si,
801 1262 890 1345 quod
905 1262 1067 1324 Dominus
1081 1273 1211 1340 avertat,
1222 1262 1388 1328 dominum

433 1371 626 1453 episcopum
648 1367 696 1427 sic
718 1375 872 1445 aegrotare
892 1363 1075 1442 contigerit,
1090 1384 1229 1443 omnem,
1245 1365 1330 1430 sicut
1344 1368 1390 1431 vir

434 1471 565 1553 sapiens
589 1481 623 1529 et
646 1465 798 1550 prudens,
823 1486 955 1547 operam
981 1463 1065 1541 date,
1087 1476 1123 1528 ut
1144 1465 1177 1527 in
1202 1466 1390 1550 hujusmodi

432 1571 580 1654 periculo
617 1592 651 1632 se
685 1568 838 1631 exhibeat
867 1566 1097 1643 Christianum,
1125 1578 1159 1630 et
1185 1582 1332 1648 mortem,
1360 1573 1389 1635 si

435 1692 572 1735 necesse
588 1670 692 1746 suerit,
705 1683 859 1752 tanquam
874 1668 995 1732 Christi
1017 1666 1165 1732 sacerdos
1184 1682 1345 1754 expectet,
1358 1684 1393 1736 ot

437 1773 536 1837 domo
566 1773 735 1855 disposita,
768 1781 889 1833 naturae
919 1790 1045 1843 munus,
1071 1770 1160 1852 quod
1189 1771 1298 1834 evitari
1326 1793 1391 1836 non

438 1885 556 1958 potest,
569 1874 731 1957 patienter
744 1869 896 1953 excipiat
921 1867 1062 1932 Confido
1077 1882 1182 1933 autem
1197 1870 1231 1933 in
1248 1869 1392 1937 Domino

435 1977 518 2040 Jesu
528 1974 670 2051 Christo,
679 1971 766 2056 quod
781 1970 837 2055 qui
848 1972 878 2034 ei
890 1970 981 2033 dedit
991 1969 1193 2053 prudentiam
1206 1973 1391 2037 transeundi

436 2078 606 2162 perbona
628 2073 828 2156 temporalia,
854 2073 885 2135 ei
913 2073 948 2134 in
978 2074 1250 2138 consummatione
1280 2096 1391 2141 cursus

436 2178 605 2262 praestabit
622 2176 766 2259 gratiam,
784 2185 820 2237 ut
844 2173 938 2256 cujus
960 2174 1025 2237 rita
1048 2175 1136 2258 apud
1158 2179 1389 2244 commensales

439 2281 571 2356 effulsit,
585 2300 670 2342 mors
691 2278 762 2361 ejus
784 2278 878 2339 etiam
902 2276 1061 2340 morituris
1083 2279 1232 2341 omnibus
1247 2280 1393 2363 proficiat

441 2382 485 2445 ad
507 2382 711 2463 exemplum:
735 2377 833 2441 fidem
855 2377 1037 2441 devotionis
1058 2392 1091 2441 et
1111 2379 1188 2442 fidei
1209 2382 1298 2445 nullo
1322 2384 1394 2467 quis

441 2503 587 2565 unquam
610 2492 795 2561 argumento
817 2477 946 2542 fidelius
971 2480 1076 2551 faciet,
1098 2501 1193 2563 quam
1215 2482 1242 2543 ai
1264 2503 1392 2565 operam

444 2582 572 2647 dederit
586 2582 657 2666 quis
675 2591 708 2643 et
728 2579 938 2662 diligentiam,
954 2590 990 2644 ut
1004 2601 1084 2664 quos
1107 2580 1140 2642 in
1162 2600 1258 2644 carne
1274 2602 1394 2648 coexu·

438 2686 555 2762 lantes,
572 2695 603 2748 et
624 2683 658 2746 in
680 2683 821 2746 Domino
841 2682 1079 2767 peregrinantes
1098 2681 1226 2760 amarit,
1248 2683 1395 2750 exhorta·

445 2788 535 2850 tione
559 2786 722 2863 virtutum,
748 2797 781 2849 et
808 2785 989 2867 insignibus
1014 2786 1170 2848 bonorum
1196 2805 1339 2868 operum,
1364 2798 1397 2851 et

442 2889 582 2952 maxime
604 2888 639 2950 in
658 2888 725 2950 fine
739 2887 799 2950 vim
820 2896 1009 2970 promoveat
1030 2896 1243 2963 transeuntes,
1258 2898 1290 2951 et
1304 2889 1396 2970 quasi

444 2991 580 3073 geminae
611 2987 752 3052 caritatis
781 2988 921 3052 brachiis
953 2999 1161 3073 persequatur
1190 2999 1223 3053 et
1250 2988 1396 3073 impellat

444 3093 617 3172 migrantes
639 3098 672 3152 et
691 3089 902 3153 ascendentes
923 3091 964 3154 ad
985 3090 1156 3154 Christum.
1202 3089 1236 3154 Si
1251 3110 1325 3156 vero
1340 3112 1397 3174 per

446 3190 697 3255 misericordiam
713 3190 776 3252 Dei
791 3211 840 3253 res
861 3191 948 3255 circa
962 3213 1020 3255 ros
1039 3191 1142 3256 laetius
1156 3191 1269 3272 agitur,
1285 3212 1397 3278 precor

445 3293 605 3370 attentius,
621 3305 782 3373 quatenus
801 3292 1003 3374 interpretem
1018 3304 1162 3357 nostrum
1177 3294 1280 3359 modis
1295 3294 1396 3359 omni·

441 3397 502 3459 bus
513 3394 554 3458 ad
567 3395 638 3458 haec
649 3393 805 3457 inducere
818 3393 984 3471 studeatis,
994 3405 1028 3458 ut
1044 3395 1130 3478 quod
1142 3395 1183 3460 de
1197 3396 1396 3476 Hierarchia,

443 3499 536 3582 cujus
558 3518 659 3560 unum
680 3495 797 3559 librum
820 3498 991 3575 transtulit,
1007 3497 1168 3560 residuum
1191 3508 1250 3576 est,
1271 3499 1312 3563 ad
1333 3500 1397 3563 for·

446 3621 533 3662 mam
547 3619 638 3662 suam
658 3597 823 3661 transferat
838 3607 871 3660 et
885 3597 1053 3661 emendet:
1078 3598 1153 3681 quia
1166 3597 1200 3660 id
1215 3598 1302 3681 quod
1317 3619 1397 3682 prte-

443 3700 543 3772 misit,
558 3700 610 3762 his
632 3699 689 3782 qni
708 3698 790 3762 illud
807 3697 955 3763 viderunt
970 3700 1004 3763 in
1026 3698 1172 3772 Francia,
1188 3698 1264 3762 satia
1281 3698 1395 3781 placet.

444 3801 542 3865 Plura
557 3799 731 3882 scripturus
747 3822 844 3878 eram,
858 3799 916 3865 sed
932 3799 1092 3864 festinatio
1108 3819 1173 3862 non
1189 3797 1352 3882 permittit.
