3667 5475
511 800 552 857 52
767 808 903 852 ioannis
919 804 1195 852 saansaaamusrs
1339 821 1343 826 ·
1368 785 1414 865 [a.
1437 804 1470 848 o.

515 960 690 1047 angustias,
704 972 831 1045 gratum
849 957 980 1021 haberes
1002 955 1156 1043 quicquid
1180 954 1247 1018 fieri
1264 953 1388 1018 videres
1409 975 1475 1039 pro

515 1076 623 1127 nostra
647 1060 760 1138 salute,
786 1074 817 1126 et
848 1072 988 1123 nostram
1021 1058 1129 1122 malles
1158 1057 1295 1121 animam
1325 1055 1471 1135 liberari,

513 1163 665 1251 quamde
681 1163 828 1251 peccatis,
843 1176 874 1226 et
891 1161 1092 1224 damnatione
1110 1173 1229 1235 nostra,
1245 1160 1412 1243 pecuniam
1434 1169 1469 1222 et

513 1266 640 1331 divitias
668 1265 806 1329 infinitas
835 1266 1009 1349 acquirere.
1055 1263 1134 1327 Inde
1164 1274 1211 1326 est
1242 1260 1330 1346 quod
1360 1272 1393 1322 te
1422 1259 1468 1323 ad

511 1367 696 1456 praesensio
714 1366 880 1430 vexatione
896 1365 991 1450 hujus
1006 1362 1116 1429 auxilii
1138 1362 1247 1428 audire
1263 1384 1325 1425 non
1350 1384 1467 1447 possu-

511 1495 593 1544 mne,
606 1471 672 1534 sine
687 1469 812 1533 laesione
825 1466 890 1532 voti
901 1480 934 1530 et
950 1466 1063 1531 salutis
1074 1479 1192 1530 nostrae
1207 1461 1359 1551 periculo.
1399 1463 1466 1526 Sed

510 1573 537 1638 si
554 1577 644 1638 Deus
659 1571 751 1637 nobis
767 1570 861 1634 vitam
877 1568 1000 1633 dederit
1017 1580 1048 1633 et
1070 1568 1248 1647 sanitatem,
1262 1588 1360 1652 quam
1383 1588 1464 1630 non-

509 1677 586 1742 dum
610 1676 690 1740 bene
714 1672 822 1760 adepti
846 1695 970 1746 sumus,
986 1694 1152 1757 speramus
1175 1670 1264 1758 quod
1287 1669 1394 1735 adbuc
1415 1666 1464 1732 ita

510 1779 569 1844 tibi
586 1800 643 1865 per
667 1798 795 1840 manum
818 1787 958 1839 nostram
984 1777 1143 1839 Dominus
1165 1773 1358 1856 providebit,
1373 1770 1465 1858 quod

509 1880 628 1945 talibus
643 1902 704 1943 non
721 1877 830 1963 egebis
853 1876 994 1951 auxiliis,
1011 1891 1043 1941 et
1067 1876 1187 1962 gratias
1209 1899 1284 1961 ages
1308 1874 1462 1952 Domino,

507 1980 595 2066 quod
618 2003 637 2042 a
660 1980 741 2043 mala
763 1977 996 2044 consuetudine
1018 2002 1106 2044 suam
1127 1978 1325 2067 temporibus
1344 1975 1461 2042 vestris

505 2081 689 2146 liberaverit
704 2079 877 2143 ecclesiam.
922 2083 1088 2164 Rogamus
1102 2080 1223 2168 itaque,
1241 2095 1277 2146 ut
1299 2079 1389 2167 quod
1413 2079 1460 2143 fe-

505 2181 606 2247 cimus
630 2193 760 2266 gratum
782 2180 910 2257 babeas,
933 2181 1011 2267 quia
1037 2181 1127 2245 nobis
1152 2205 1265 2269 parum
1293 2181 1461 2267 prodesset

507 2294 595 2348 totus
609 2281 761 2359 mundus,
778 2283 805 2349 si
820 2284 957 2347 animam
973 2284 1185 2367 perderemus,

840 2579 1062 2645 EPISTOLA
1085 2580 1122 2643 L.

854 2745 908 2809 De
922 2743 1099 2810 Meritone.

546 2885 698 2959 Causam,
720 2905 795 2969 quae
816 2881 898 2946 inter
919 2879 1051 2944 dilectos
1075 2880 1189 2945 fratres
1212 2889 1335 2946 nostros
1360 2902 1455 2945 cano-

503 2985 589 3047 nicos
605 2984 844 3063 Meritonenses,
856 2995 888 3046 et
900 2981 1070 3046 monachos
1084 2981 1125 3045 de
1141 2982 1245 3046 Melsa
1256 2983 1453 3063 vertebatur,

501 3106 597 3169 super
626 3084 822 3167 possessione
852 3082 912 3146 loci
942 3084 998 3169 qui
1030 3083 1148 3148 dicitur
1178 3085 1316 3150 Acchab.
1348 3098 1380 3150 et
1411 3090 1450 3151 B.

501 3199 532 3250 et
554 3184 688 3261 damnis,
705 3207 779 3270 quae
803 3183 862 3247 sibi
886 3185 1027 3249 canonici
1054 3187 1271 3272 querebantur
1296 3187 1397 3265 illata,
1411 3211 1451 3254 ex

499 3285 649 3349 mandato
664 3284 782 3349 domini
798 3307 889 3370 papae
903 3284 1093 3365 decidentes,
1111 3290 1279 3374 monachos
1293 3291 1451 3354 canonicis

498 3386 787 3464 condemnavimus,
818 3388 850 3450 in
881 3389 1112 3454 restitutionem
1151 3392 1276 3475 praefati
1306 3391 1378 3473 loci,
1407 3394 1448 3458 ad

499 3490 614 3554 damna
629 3490 689 3556 sibi
705 3490 911 3555 resarcienda.
957 3494 1100 3569 Quorum
1114 3515 1269 3560 summam
1286 3519 1385 3581 quum
1403 3496 1449 3561 illi

498 3593 539 3657 ad
554 3592 716 3678 octoginta
731 3616 861 3674 marcas,
876 3604 999 3658 servata
1014 3596 1146 3659 veritate
1161 3609 1193 3660 et
1216 3596 1361 3662 adhibita
1382 3622 1449 3662 mo·

498 3695 669 3770 deratione‚
680 3694 897 3771 extenderent,
909 3717 965 3758 nos
974 3696 1120 3781 partibus
1132 3699 1246 3761 nostris
1255 3699 1449 3786 interpositis

497 3822 565 3862 eam
577 3798 618 3862 ad
632 3806 673 3863 40
683 3821 858 3862 marcarum
869 3797 1057 3862 reduximus
1068 3799 1291 3884 quantitatem.
1325 3804 1447 3868 Vestrae

496 3903 606 3986 itaque
630 3900 820 3965 fraternitati
835 3900 1033 3980 mandamus,
1047 3913 1078 3966 et
1094 3900 1213 3965 domini
1232 3925 1325 3990 papae
1340 3919 1448 3971 aucto-

498 4004 592 4064 ritate
614 4003 828 4086 praecipimus
842 4016 877 4067 ut
905 4004 1055 4088 praefatos
1077 4005 1246 4070 monachos
1268 4011 1449 4076 memoratis

497 4101 661 4174 fratribuS,
680 4101 884 4185 jamdictum
902 4102 1021 4183 locum,
1038 4119 1068 4170 et
1085 4108 1250 4192 pecuniam
1266 4109 1446 4196 praefatam,

495 4201 580 4265 omni
598 4203 759 4265 occasione
782 4218 913 4281 remota,
937 4207 1104 4273 restituere
1126 4212 1335 4296 compellatis,
1350 4236 1390 4277 ne
1412 4215 1446 4280 in

494 4301 679 4367 executione
702 4302 843 4368 mandati
865 4307 1028 4391 apostolici
1054 4311 1257 4398 negligentiae
1280 4337 1335 4380 vos
1357 4316 1447 4402 quis-

438 4456 441 4463 .
492 4428 589 4491 quam
605 4428 737 4492 arguere
751 4405 850 4492 possit
865 4408 1027 4478 obnoxios.
1074 4415 1145 4478 Hoc
1161 4428 1268 4482 autem
1284 4418 1456 4490 monachis,
