3667 5475
441 778 505 837 948
602 751 606 759 ’
701 791 836 838 roanurs
851 790 1129 837 saansannrnnsrs
1303 774 1352 855 [a.
1369 790 1399 836 n.

443 948 553 1023 exilio,
576 946 632 1008 sed
657 957 814 1007 memento
842 945 917 1027 quia
948 942 1028 1006 nibil
1055 945 1224 1008 intulimus
1246 944 1279 1007 in
1308 944 1397 1007 hunc

441 1048 606 1123 mundum,
624 1047 680 1109 sed
696 1068 755 1110 nec
776 1050 944 1110 efferemus
967 1046 1107 1130 quidem.
1154 1049 1244 1110 Deus
1264 1067 1394 1110 causam

435 1150 604 1234 justificet,
619 1148 768 1232 quoniam
792 1160 823 1210 et
846 1170 904 1228 ego
928 1147 1059 1211 confido
1076 1147 1197 1231 justam
1221 1169 1302 1224 esse,
1318 1148 1397 1231 quia

442 1251 584 1313 conditio
615 1271 685 1312 mea
710 1271 775 1310 non
805 1248 901 1310 modo
929 1248 1006 1310 mihi
1037 1248 1211 1312 tolerabilis
1239 1258 1304 1323 est;
1338 1246 1395 1310 sed

436 1352 593 1436 jucunda,
617 1351 789 1433 praesertim
811 1371 911 1432 quum
934 1350 976 1411 ad
999 1371 1130 1412 causam
1154 1350 1308 1432 respicio:
1332 1368 1393 1410 nec

440 1452 517 1516 dico
532 1454 608 1535 quin
627 1453 784 1515 'amariora
804 1451 984 1528 meruerim,
1000 1451 1057 1513 sed
1080 1452 1136 1513 illa
1159 1451 1237 1513 mihi
1253 1471 1273 1512 a
1289 1470 1393 1531 perse·

441 1568 575 1640 quutore
611 1576 675 1617 non
706 1567 921 1636 opponuntur,
952 1552 1009 1615 sed
1043 1564 1212 1636 peccatum
1250 1553 1392 1636 punitur.

441 1655 616 1737 Flagellum
653 1653 854 1737 purgationis
884 1674 962 1716 meoe
1000 1662 1159 1735 gratanter
1194 1654 1337 1735 excipio,
1366 1652 1392 1715 si

439 1760 594 1841 probatur
614 1756 780 1840 patientia,
795 1776 888 1837 spero
909 1756 985 1839 quia
1002 1756 1150 1838 proficiet
1164 1756 1205 1818 ad
1221 1776 1390 1818 coronam:

440 1860 467 1923 ai
483 1860 528 1923 sic
545 1871 580 1921 ut
595 1858 743 1941 superbia
757 1866 938 1920 conteratur
953 1855 1088 1938 affligor,
1100 1856 1169 1919 scio
1185 1856 1262 1938 quia
1278 1855 1393 1919 devota

439 1960 602 2024 humilitas
632 1957 820 2022 conscendit
849 1957 890 2020 ad
920 1958 1062 2037 gloriam.
1120 1959 1256 2021 Constat
1286 1967 1391 2021 antem

440 2062 528 2145 quod
543 2082 638 2123 omne
653 2062 812 2141 flagellum
832 2058 965 2143 prodest
986 2060 1131 2142 patienti,
1148 2058 1236 2144 quod
1257 2059 1300 2123 ad
1314 2080 1391 2122 con·

439 2175 593 2245 temptum
614 2162 725 2224 mundi
740 2170 773 2226 et
787 2162 935 2224 virtutum
958 2162 1112 2226 exercitia
1127 2158 1233 2224 reddit
1247 2162 1391 2226 animum

438 2264 628 2346 proniorem.
674 2262 816 2325 sienim
837 2261 966 2325 indurat
988 2263 1127 2325 animum
1148 2263 1322 2326 acerbioris
1338 2282 1391 2343 ge·

438 2364 553 2427 hennae
569 2364 725 2438 stimulus,
735 2362 845 2446 opinio
856 2363 1020 2427 brutorum
1036 2365 1202 2427 hominum
1218 2377 1268 2428 est
1281 2363 1393 2428 merita

439 2487 482 2529 ex
496 2466 663 2529 eventibus
678 2486 747 2528 esse
764 2464 942 2548 pensanda,
953 2487 1052 2549 quum
1063 2465 1145 2549 justi
1161 2467 1225 2529 sint
1237 2466 1347 2549 impiis
1360 2466 1394 2530 in

439 2567 579 2631 derisum
607 2580 639 2631 et
661 2566 901 2631 similitudinem
929 2568 1132 2650 improperii3
1166 2567 1224 2630 sed
1254 2577 1393 2650 expecta

438 2672 599 2737 modicum
611 2685 643 2736 et
656 2720 663 2734 .
675 2720 681 2733 .
694 2717 701 2732 .
715 2720 721 2732 .
738 2671 833 2733 etiam
845 2682 1010 2753 respectus
1023 2691 1131 2734 eorum
1143 2683 1175 2734 et
1185 2671 1315 2734 interim
1326 2691 1391 2733 nou

438 2786 487 2837 est
497 2796 563 2858 pax
574 2775 697 2857 impiis3
713 2785 745 2837 et
760 2772 943 2856 aequissimo
961 2773 1023 2836 Dei
1034 2773 1159 2857 judicio
1175 2784 1395 2858 persecutores

432 2876 565 2959 justitiae
596 2899 614 2938 a
644 2897 677 2938 se
713 2874 851 2937 invicem
890 2874 1108 2949 colluduntur,
1137 2885 1393 2958 prosternuntur,

437 2980 677 3060 confringuntur
700 2991 732 3041 et
756 2990 896 3060 pereunt.
941 2978 1054 3039 Justus
1079 2987 1185 3039 autem
1207 2978 1303 3040 etiam
1320 2976 1393 3039 dor·

436 3080 538 3141 miens
554 3079 594 3140 de
610 3079 750 3140 inimicis
769 3078 834 3139 suis
857 3087 946 3138 tanto
968 3078 1147 3158 gloriosius,
1163 3089 1283 3162 quanto
1299 3081 1395 3141 inno·

436 3182 559 3243 centius
578 3180 797 3260 triumphabit.
852 3179 932 3251 Quis
956 3181 1096 3260 speravit
1122 3181 1153 3242 in
1180 3181 1334 3258 Domino,
1360 3190 1393 3242 et

435 3278 607 3340 derelictus
622 3276 692 3340 est?
716 3289 874 3360 quaeretur
895 3281 935 3341 ab
956 3280 1049 3341 initio
1072 3281 1234 3361 temporis,
1249 3280 1308 3342 sed
1327 3300 1389 3342 nec

436 3378 468 3438 in
484 3377 656 3438 novissimo
673 3378 726 3438 dio
743 3378 859 3458 poterit
875 3380 1012 3460 reperiri.

449 3619 671 3683 EPISTOLA
695 3620 920 3682 CLVIL—an
936 3637 1099 3683 aroannam
1117 3640 1159 3683 ne
1176 3639 1370 3685 srnnanmA.

804 3721 848 3799 [A.
862 3740 893 3782 n.
913 3721 1023 3800 lma]

435 3857 556 3939 Rapero
571 3860 610 3921 de
627 3856 808 3930 Sideberio,
817 3855 850 3917 J.
866 3857 1015 3933 salutem,
1028 3865 1059 3917 et
1071 3857 1116 3917 acl
1131 3865 1278 3938 optatum
1296 3859 1392 3919 berre-

456 4039 458 4043 *
476 3959 629 4023 dictionis
632 3963 800 4040 fructum,
812 3978 920 4018 omues
934 3960 1001 4019 olio
1015 3961 1086 4021 silae
1098 3962 1317 4039 provolantes,
1328 3971 1392 4023 out

471 4062 705 4139 procurrentis
728 4067 789 4120 out
810 4059 1046 4140 prepedieolis
1070 4060 1231 4123 obstaculo
1254 4063 1303 4124 nel
1325 4082 1391 4124 mo·

476 4161 569 4222 lestiu
573 4163 727 4243 feliciter
739 4164 928 4243 praevenire.

475 4294 596 4370 Saeuo,
612 4293 829 4370 dilectissime,
844 4295 921 4374 quia
944 4295 1138 4359 desiderium
1155 4321 1258 4362 meum
1274 4301 1308 4361 in
1324 4302 1387 4365 hac

430 4417 463 4458 re
478 4395 572 4458 facile
596 4393 831 4478 adimplebitur,
854 4397 916 4458 nisi
939 4397 1019 4462 forte
1043 4401 1114 4463 Ric.
1140 4402 1179 4463 de
1205 4402 1387 4482 Sideberia,
