3667 5475
432 798 472 855 ⁷0
687 811 823 855 ioannis
839 809 1119 855 strassenransrs
1286 797 1336 871 [A.
1356 815 1385 859 u.

431 962 575 1027 vertitur.
632 968 674 1027 At
699 962 828 1047 justitia
855 960 984 1024 Domini
1014 960 1046 1024 in
1077 975 1232 1026 aternum
1259 963 1392 1049 justitia

431 1079 489 1129 est.
531 1065 662 1130 Interim
678 1064 778 1127 donec
794 1063 952 1128 illuminet
968 1063 1154 1129 abscondita
1170 1064 1388 1143 tenebrarum,

431 1168 626 1232 invocandus
640 1180 688 1231 est
703 1180 734 1232 et
758 1166 930 1250 rogandus,
947 1178 984 1230 ut
1007 1166 1176 1231 manifesto
1190 1167 1389 1233 demonstret

427 1270 562 1356 judicio,
574 1292 667 1356 quem
680 1270 751 1356 ipse
763 1268 926 1354 praeelegit
939 1269 1079 1354 accipere
1092 1283 1207 1334 sortem
1219 1271 1389 1335 ministerii

434 1372 540 1457 hujus.
596 1368 629 1436 Si
657 1386 761 1437 tamen
787 1369 868 1435 nihil
898 1382 946 1434 est
973 1370 1060 1456 quod
1087 1372 1260 1457 quaestioni
1289 1374 1390 1438 faciat

435 1474 549 1553 locum,
564 1488 620 1538 aut
643 1472 792 1538 dubitare
816 1469 979 1558 permittat
1001 1472 1050 1535 vel
1074 1473 1298 1538 Academicum
1323 1475 1391 1539 fere

434 1574 474 1638 ad
486 1575 591 1638 omnia
603 1579 822 1650 fluctuantem,
833 1596 932 1659 quum
945 1595 1062 1637 norum
1074 1597 1132 1660 par
1145 1575 1392 1658 decertantium,

434 1678 466 1741 in
482 1678 623 1741 omnium
640 1676 833 1740 intuentium
846 1688 1009 1760 stuporem
1026 1675 1165 1740 Domino
1180 1680 1389 1761 permittente

435 1779 631 1865 processerit,
648 1778 721 1842 hinc
737 1791 804 1842 tota
820 1768 922 1841 stante
937 1777 1090 1851 Ecclesia,
1107 1778 1180 1842 inde
1196 1778 1270 1842 solis
1285 1781 1390 1846 tribus

434 1881 568 1965 flagellis
597 1880 790 1954 arundineis,
816 1879 847 1942 in
879 1903 923 1956 se,
950 1879 1027 1943 dum
1059 1880 1201 1944 scindere
1231 1880 1390 1947 unitatem

435 1982 624 2059 moliuntur,
638 1980 778 2043 divinam
795 1980 1043 2064 provocantibus
1060 1980 1222 2045 ultionem.
1269 1982 1304 2046 Si
1319 2006 1392 2069 per-

436 2105 542 2146 sonam
555 2103 698 2168 personae
708 2080 861 2157 conferas,
874 2081 953 2145 alter
970 2081 1128 2146 litteratus
1143 2103 1202 2162 est,
1213 2083 1391 2163 modestus,

436 2182 575 2259 humilis,
583 2183 720 2271 justitiae
730 2183 866 2248 zelator:
888 2188 968 2249 alter
980 2185 1077 2249 solam
1089 2208 1213 2271 semper
1223 2186 1392 2272 amplexus

436 2301 483 2352 est
510 2285 702 2351 vanitatem:
741 2285 766 2348 si
794 2308 922 2350 causam
953 2307 1069 2365 causoe,
1095 2288 1176 2351 alter
1201 2287 1334 2372 ingessit
1359 2311 1394 2355 se

436 2402 587 2475 tanquam
603 2388 703 2451 iuret
723 2386 805 2451 latro
827 2410 923 2453 manu
941 2387 1090 2465 violenta,
1105 2390 1275 2474 exquisitis
1295 2392 1392 2468 dolis,

437 2514 552 2578 sponso
567 2489 763 2575 indignante,
779 2493 811 2554 in
827 2511 954 2575 sponsae
975 2493 1143 2575 amplexus
1164 2492 1278 2557 irruit:
1309 2491 1393 2559 alter

435 2605 522 2657 casto
534 2592 656 2679 pudore
667 2593 810 2657 substitit
820 2605 990 2678 antequam
1002 2592 1258 2659 introduceretur
1269 2617 1393 2681 aspon-

438 2718 481 2761 sa.
527 2695 624 2760 Unde
645 2694 819 2759 verendum
834 2715 874 2758 ne
889 2707 954 2759 tam
973 2694 1131 2759 manifesti
1147 2695 1270 2760 sceleris
1288 2695 1394 2764 dilata

437 2797 600 2862 damnatio
610 2818 704 2860 suum
714 2793 875 2859 schismati
886 2794 1033 2859 videatur
1043 2796 1184 2880 praebere
1193 2817 1394 2865 consensum.

481 2900 571 2963 Licet
593 2897 742 2961 dominus
759 2895 997 2960 Cantuariensis
1015 2895 1169 2980 languore
1190 2897 1391 2982 gravissimo,

438 3014 475 3064 ut
491 2999 585 3076 nosti,
596 3011 753 3070 teneatur,
768 2997 866 3082 hujus
882 3013 987 3060 tamen
1003 3001 1189 3063 necessitate
1205 2998 1306 3076 verbi,
1318 3024 1392 3065 con-

439 3100 559 3164 vocatis
574 3099 730 3184 episcopis
741 3110 773 3160 et
789 3096 875 3161 clero
890 3098 990 3163 totius
1004 3099 1106 3183 regni,
1120 3098 1303 3169 Londinnbr
1318 3125 1393 3189 pm-

438 3215 540 3287 perat,
556 3209 593 3265 ut
609 3201 743 3263 fratrum
760 3211 933 3262 convocato
952 3201 1095 3277 concilio,
1110 3201 1189 3287 quid
1208 3201 1295 3265 facto
1308 3227 1393 3289 opus

440 3305 492 3378 sit,
507 3301 635 3365 domino
651 3301 718 3384 regi
740 3323 813 3364 eum
829 3303 1006 3367 consulenti
1028 3303 1193 3388 significet.
1238 3302 1392 3372 Timeba-

440 3426 512 3467 mus
526 3426 566 3467 ne
577 3426 616 3468 ex
630 3426 724 3467 causa
738 3403 860 3467 itineris
875 3405 1012 3490 amplius
1027 3419 1232 3490 gravaretur:
1256 3406 1394 3495 ideoque

441 3505 604 3569 Acarrlum
618 3518 757 3568 vestrum
774 3526 830 3590 per
845 3504 968 3590 aliquot
978 3505 1047 3570 dies
1059 3507 1180 3572 detinui
1193 3509 1393 3590 renitentem,

441 3621 477 3672 ut
501 3608 541 3671 de
563 3620 649 3672 statu
671 3606 813 3684 Domini,
829 3606 898 3693 ipso
915 3608 1070 3673 referente
1085 3632 1159 3694 quae
1175 3610 1311 3689 viderat,
1327 3626 1395 3676 cer-⁸

441 3708 550 3775 tiorari
581 3712 692 3796 possis
749 3711 803 3773 Ex
833 3733 899 3795 quo
928 3724 1033 3774 autem
1064 3711 1210 3776 lecticam
1239 3713 1394 3795 ascendit,

441 3814 643 3900 aliquatenus
659 3812 787 3876 videtur
808 3811 1018 3888 confortatuS,
1034 3809 1108 3878 licet
1131 3813 1237 3878 adhuc
1259 3814 1395 3880 nimium

440 3918 627 3981 infestetur:
651 3915 885 4001 aliquantulum
901 3914 1063 3979 interdum
1083 3916 1206 4001 quievit
1221 3915 1348 3982 vomica
1362 3930 1395 3983 et

441 4032 553 4105 sponte
567 4019 718 4093 naturali,
730 4019 881 4103 purgatio
896 4032 1072 4103 reparatur.
1118 4019 1350 4107 Wintoniensis
1362 4034 1394 4107 et

441 4118 678 4200 DunelmensiS,
696 4131 732 4182 ut
752 4120 853 4198 aiunt,
869 4121 894 4183 si
913 4121 1089 4206 Octaviano
1111 4115 1215 4206 palam
1236 4106 1396 4192 ¹auderent

441 4244 500 4306 pro
517 4233 590 4282 voto
606 4218 784 4303 suffragari,
799 4214 934 4286 libenter
949 4224 1099 4289 cederent
1113 4224 1146 4288 in
1165 4238 1288 4310 partem
1305 4225 1392 4310 ejus:

441 4347 457 4388 e
480 4334 591 4412 contra
613 4321 834 4400 Eboracensis,
856 4338 886 4388 et
915 4325 1133 4410 thesalllffilsss
1156 4341 1263 4394 noster
1283 4327 1396 4392 foverit

438 4423 514 4492 totis
529 4423 649 4488 viribus
666 4422 898 4504 Alexandrum,
915 4449 978 4490 non
997 4442 1102 4492 tamen
1128 4428 1185 4492 soli
1209 4442 1295 4504 sunt,
1312 4449 1394 4513 quo
