3667 5475
446 787 647 881 tlte-61]
840 821 1019 868 EPISTOLAE.
1364 816 1406 875 49

441 970 608 1047 statuistis,
624 971 650 1036 si
660 974 787 1059 justum
804 973 1001 1058 apparuerit,
1017 975 1250 1053 roborabimus
1266 1000 1399 1043 evacua-

439 1071 551 1136 bimus'
558 1071 583 1135 si
595 1072 692 1139 fuerit
701 1075 868 1162 injustum.
898 1075 1001 1140 Nobis
1012 1076 1095 1140 enim
1109 1076 1220 1142 merita
1230 1101 1398 1145 causarum

439 1172 567 1238 facilius
585 1174 770 1252 clarescent,
786 1188 1004 1262 poteruntque
1023 1190 1130 1264 partes
1145 1182 1212 1244 sine
1228 1181 1397 1246 vexatione

435 1276 595 1362 justitiam
626 1278 789 1365 consequi,
819 1290 852 1343 et
881 1279 1042 1365 religionis
1065 1276 1176 1347 'cultus
1205 1283 1238 1346 in
1268 1282 1397 1347 ecclesia

441 1370 662 1458 reformari,‘si
677 1381 816 1468 partium
827 1383 998 1447 assertione
1009 1384 1125 1449 veritas
1136 1366 1330 1451 innotuerit:
1349 1388 1396 1451 Et

442 1484 502 1549 hoc
529 1484 624 1549 modo
649 1484 785 1570 regium,
812 1485 869 1571 qui
895 1487 1145 1570 pernecessarius
1168 1500 1227 1568 est,
1249 1490 1396 1573 poteritis

439 1587 577 1651 retinere
591 1586 743 1663 favorem,
758 1610 854 1672 quem
870 1587 1023 1653 amittetis
1037 1590 1176 1665 omnino,
1192 1589 1218 1654 si
1233 1590 1396 1655 ecclesiam
1441 1675 1445 1681 Ι

440 1709 532 1752 suam
545 1688 653 1774 alique
662 1690 867 1774 improbitate
879 1690 1043 1755 volueritis
1055 1692 1248 1757 conculcare.
1274 1693 1308 1757 si
1322 1715 1395 1757 vero

442 1802 617 1854 memorata
632 1789 681 1854 die
699 1790 879 1856 conditione
899 1792 1086 1879 praescripta
1100 1793 1208 1857 adesse
1229 1794 1395 1880 placuerit,

441 1890 548 1969 nobis,
564 1892 589 1955 si
611 1892 724 1978 planet,
740 1894 805 1959 sine
828 1917 925 1960 mora·
939 1896 1115 1974 rescribite,
1129 1909 1185 1961 aut
1207 1897 1233 1960 si
1255 1896 1396 1961 conditio

439 1993 656 2079 displicuerit:
682 1996 832 2062 indecens
849 1997 932 2060 enim
948 2011 1006 2071 est,
1023 1997 1049 2061 si
1064 2009 1121 2062 aut
1138 2020 1194 2062 nos
1208 1997 1393 2064 deludimur

438 2095 482 2159 eb
495 2095 616 2175 amicis,
631 2111 687 2161 aut
702 2096 820 2172 amicos
833 2083 1038 2163 deludimus.¹
1068 2099 1190 2164 Valete.

584 2349 822 2450 EPISTOLA
849 2385 1110 2456 XLVIII.-an
1124 2406 1253 2454 unctu.
1268 2335 1270 2339 ⁷

616 2552 662 2627 T„
674 2531 934 2630 Cantaurianos,
949 2557 1018 2637 regi
1031 2535 1222 2637 Anglorunr.

485 2712 538 2775 Er
553 2711 579 2775 si
594 2710 729 2798 propriis
743 2723 775 2776 et
798 2710 929 2799 privatis
946 2734 1118 2798 urgeamur
1137 2711 1303 2798 angustiis,
1318 2736 1392 2798 pro·

437 2812 527 2876 cellis
541 2827 647 2876 tamen
666 2811 802 2896 publicis
817 2811 919 2896 magis
940 2811 1121 2896 affligimur,
1137 2822 1170 2873 et
1190 2810 1306 2875 fortius
1320 2830 1392 2872 cru·

438 2915 571 2980 ciamur.
610 2914 677 2977 Nos
691 2911 774 2975 enirn
790 2911 822 2975 in
838 2912 967 2998 propria
981 2933 1116 2997 persona
1131 2932 1243 2974 manus
1259 2910 1390 2975 Domini

439 3014 592 3095 visitavit,
614 3013 647 3077 in
670 3013 796 3099 flagello
820 3013 997 3078 clementioe
1022 3035 1100 3089 suoe,
1123 3024 1155 3077 et
1179 3013 1219 3075 de
1242 3011 1338 3097 longa
1358 3025 1392 3076 et

438 3121 529 3206 gravi
550 3117 735 3182 infirmitate
756 3115 992 3204 aliquantulum
1012 3117 1079 3203 jam
1102 3116 1214 3180 erexit.
1267 3119 1391 3180 Verun-

438 3233 545 3284 tamen
574 3216 658 3281 omni
687 3215 873 3283 infirmitate
903 3217 1031 3302 gravior
1056 3228 1105 3282 est
1131 3217 1245 3280 animae
1274 3229 1390 3280 nostroe

438 3320 575 3408 procella
600 3319 777 3397 discordiae,
800 3343 875 3406 quae
900 3319 1046 3383 Domino'
1066 3317 1269 3404 permittente
1295 3316 1390 3384 scidit

434 3423 607 3500 ecclesiam,
622 3444 785 3508 regnaque
799 3418 951 3485 collidens
966 3432 997 3485 et
1013 3419 1223 3506 principatus,
1234 3442 1254 3483 a
1268 3419 1389 3506 populo

435 3525 565 3591 Domini
596 3524 795 3589 securitatem
827 3523 966 3597 excussit
984 3534 1027 3587 'et
1057 3544 1177 3608 pacem.
1229 3523 1310 3586 Haec
1339 3533 1387 3586 est

435 3627 564 3692 afflictio
581 3640 689 3691 nostra
706 3625 904 3713 quotidiana,
921 3624 971 3688 hic
991 3625 1133 3688 omnium
1150 3627 1305 3690 bonorum
1317 3625 1389 3710 jus-

435 3730 579 3796 tissimus
599 3728 690 3792 dolor
705 3740 738 3793 et
760 3725 975 3791 amarissimus
989 3725 1140 3810 gemitus,
1152 3739 1187 3790 et
1200 3724 1332 3810 quidem
1348 3745 1388 3787 eo

435 3827 583 3904 amarior,
597 3827 686 3913 quod
705 3831 738 3891 in
756 3826 898 3891 absentia
921 3838 1025 3889 vestra
1038 3825 1150 3888 incerti
1171 3846 1283 3888 sumus
1305 3823 1388 3909 quid

435 3954 561 4017 sperare
590 3943 747 4016 oporteat,
773 3929 851 4015 quid
883 3928 1003 3993 timere.
1050 3926 1130 3990 Inde
1157 3940 1205 3993 est
1235 3928 1387 4029 quodffin

436 4033 579 4100 absentia
594 4045 700 4097 vestra
719 4031 879 4096 screnitati
901 4043 1018 4093 vestrae
1038 4028 1243 4093 affectuosius
1263 4029 1386 4117 suppli·

434 4159 552 4211 camus,
576 4148 614 4200 ut
640 4158 698 4198 nos
723 4134 764 4198 de
789 4147 875 4198 statu
905 4146 1012 4196 vestro
1041 4130 1191 4197 sollicitos
1216 4133 1385 4197 certiorare

437 4239 618 4325 dignemini.
676 4237 710 4302 Si
736 4237 820 4301 enim
846 4259 895 4299 res
920 4247 1035 4299 vestrae
1063 4256 1223 4321 prosperae
1252 4235 1383 4311 fuerint,

437 4364 597 4428 speramus
617 4339 648 4405 iu
672 4340 822 4418 Domino,
837 4339 914 4425 quia
936 4360 993 4401 nos
1015 4349 1046 4402 et
1069 4337 1200 4401 ecclesia
1222 4336 1296 4413 Dei,
1312 4361 1385 4423 quae

437 4443 521 4528 apud
536 4466 591 4507 ros
605 4453 665 4518 est,
677 4440 926 4527 prosperabitur.
958 4439 1041 4502 Nam
1053 4437 1085 4500 in
1097 4438 1220 4502 unitate
1229 4436 1386 4514 consistit,

478 4565 551 4609 vot.
569 4565 591 4613 1.
703 4607 709 4617 ,
894 4562 915 4604 n
