3667 5475
421 743 481 802 100
682 753 818 799 rosariis
835 753 1114 798 snassnnmnnsm
1276 738 1326 813 [A.
1344 756 1377 800 o.

419 906 558 970 Domino
573 929 676 992 spero,
693 904 765 967 licet
780 904 840 969 hoc
857 926 976 967 moram
992 903 1120 980 lrabeat,
1130 904 1210 989 quia
1225 928 1372 992 compre-

417 1007 575 1072 hendetur
590 1006 621 1072 in
638 1005 788 1093 operibus
805 1026 955 1069 manuum
969 1027 1111 1069 suarum.
1142 1006 1250 1070 Fratri
1264 1021 1376 1072 autern

416 1110 473 1196 qui
497 1132 570 1173 curn
593 1132 631 1173 eo
655 1120 794 1182 venerat,
820 1121 954 1171 eventus
983 1106 1102 1191 negotii
1128 1108 1283 1193 imputari
1309 1133 1372 1173 non

415 1210 523 1290 debet,
546 1213 697 1297 quoniam
721 1231 762 1271 ex
783 1208 1044 1293 contingentibus
1066 1209 1146 1272 nihil
1172 1210 1291 1286 omisit,
1317 1215 1373 1277 sed

414 1316 493 1378 satis
507 1313 676 1399 vigilanter
696 1311 824 1388 institit,
840 1309 940 1373 donec
960 1310 1001 1389 ei,
1015 1324 1146 1396 accepta
1165 1313 1375 1396 corporaliter

416 1415 541 1481 comitis
569 1414 782 1501 responsione,
809 1424 967 1475 constaret
994 1432 1027 1475 se
1054 1412 1175 1476 frustra
1203 1412 1373 1480 laborasse.

418 1516 491 1579 Hoc
511 1516 593 1581 enim
617 1540 637 1580 a
658 1516 741 1580 festo
761 1514 845 1576 beati
868 1513 1010 1597 Remigii
1030 1535 1216 1598 responsum
1239 1518 1372 1602 accepit.

417 1618 647 1695 Exinde‚sicut
657 1615 748 1681 vobis
757 1614 919 1700 scripsisse
930 1636 980 1677 me
991 1614 1372 1701 memini‚aliquantulam

416 1742 537 1786 moram
547 1721 633 1796 fecit,
642 1731 678 1784 ut
688 1716 815 1795 amicos,
824 1737 905 1801 quos
914 1716 1056 1779 nondum
1068 1717 1202 1793 viderat,
1211 1719 1371 1785 visitaret:

416 1821 511 1888 rediit
527 1823 665 1887 tandem.
705 1819 739 1881 si
758 1817 935 1904 patrocinio
949 1818 1073 1904 indiget
1089 1819 1200 1896 alieno,
1216 1838 1248 1886 et
1263 1845 1373 1887 meum

414 1923 494 2009 quid
509 1936 626 2009 potest,
641 1944 750 2005 quaeso
766 1933 802 1984 ut
820 1941 893 1982 eum
916 1933 1049 2004 paterno
1065 1922 1224 2006 recipiatis
1239 1923 1370 2000 affectu,

417 2022 1373 2108 eteatractetismansuetudine‚quammoribnsejusnovistis

415 2125 575 2211 expedire.
614 2128 667 2187 An
683 2123 757 2209 plus
772 2145 863 2187 orare
879 2124 984 2200 liceat,
995 2139 1052 2188 aut
1067 2125 1230 2210 expediat,
1243 2126 1371 2214 plenius

415 2225 524 2292 nostis.
570 2226 642 2289 Scio
663 2224 774 2309 utique
794 2226 875 2309 ‘qma
898 2224 955 2311 qui
978 2247 1034 2287 vos
1058 2224 1247 2290 familiarius
1270 2228 1370 2303 novit,

416 2349 481 2390 rem
497 2327 675 2412 improbam
691 2338 747 2390 aut
762 2338 870 2411 petere
885 2348 948 2388 non
969 2324 1078 2401 audet,
1095 2339 1150 2390 aut
1166 2326 1370 2411 impudenter

415 2430 507 2514 petit.
562 2430 634 2491 Hoc
660 2429 771 2513 itaque
797 2427 887 2490 vobis
912 2427 1070 2491 ascribere
1099 2428 1225 2493 fidelius
1255 2431 1390 2507 ausim,;

415 2554 514 2617 quam
546 2531 657 2596 Portio
687 2532 804 2596 Catoni
832 2529 980 2595 familiari
1011 2554 1070 2595 suo
1100 2532 1213 2597 Cicero
1242 2534 1368 2618 pridem

415 2632 605 2719 ascripserit.
629 2632 730 2697 Mitto
740 2631 955 2695 vobismunus
965 2632 1120 2716 exiguum
1131 2656 1168 2696 eo
1178 2633 1370 2715 fiducialius,

415 2734 504 2821 quod
518 2736 560 2800 ab
574 2733 708 2822 antiqno
719 2732 816 2797 didici
829 2756 884 2796 vos
898 2733 932 2797 in
948 2732 1066 2798 talibus
1082 2757 1142 2797 non
1160 2734 1222 2799 tam
1237 2759 1370 2820 pensare

415 2839 554 2922 pretium
581 2837 720 2902 muneris
746 2858 843 2923 quam
869 2835 1026 2900 mittentis
1051 2836 1211 2902 affectum.
1256 2839 1370 2905 Minus
1421 2917 1423 2920 Ι

415 2951 521 3003 tamen
536 2953 583 3005 est
599 2942 782 3024 acceptione
797 2938 943 3021 dignum,
960 2937 985 3000 si
1001 2950 1107 3001 tamen
1123 2961 1196 3002 curn
1213 2940 1369 3006 mittentis

415 3045 529 3105 affectu
553 3041 741 3124 significatio
761 3040 901 3103 muneris
922 3039 1116 3104 attendatur.
1162 3044 1236 3105 Hoc
1257 3043 1370 3128 utique

416 3163 472 3205 vas
502 3142 650 3206 salarium
681 3158 731 3204 est
760 3155 947 3225 argenteum
980 3164 1089 3206 aureas
1117 3141 1237 3205 habens
1267 3155 1369 3206 notas.

416 3246 517 3335 Recte
537 3243 679 3327 quidem,
705 3266 742 3305 eo
765 3242 852 3326 quod
879 3243 964 3307 illins
987 3243 1061 3306 salis
1088 3237 1211 3307 liabetis
1233 3242 1369 3328 copiam,

415 3340 503 3426 quod
534 3363 573 3402 ex
601 3355 762 3425 praeeepto
787 3341 867 3422 legis
893 3340 1118 3404 sacrificiorum
1149 3353 1196 3404 est
1226 3340 1370 3405 omnium

413 3440 663 3506 condimentum.
688 3440 751 3504 Sed
762 3454 794 3504 et
806 3440 885 3506 illud
899 3441 1038 3504 Domino
1052 3441 1174 3506 offertis
1189 3441 1369 3506 examinato

413 3541 531 3628 eloquii
553 3542 634 3606 casti
654 3558 796 3626 argento,
811 3556 842 3606 et
866 3566 971 3607 aureae
987 3543 1143 3606 virtutum
1167 3543 1321 3627 imagines
1335 3544 1368 3607 in

412 3644 543 3731 speculo
566 3643 654 3709 verbi
673 3659 705 3708 et
725 3645 830 3730 operis
853 3645 997 3708 renident
1020 3643 1229 3720 intuentibus,
1252 3668 1370 3730 eosque

412 3760 598 3833 provocant,
613 3757 649 3811 ut
663 3746 841 3810 imitatione
858 3746 1015 3808 virtutum
1037 3745 1160 3832 possint
1174 3767 1241 3808 esse
1257 3767 1369 3829 specu-

410 3849 480 3913 lum
505 3849 650 3931 aliorum.
706 3847 770 3913 Sed
796 3861 827 3910 et
854 3845 923 3932 ipsa
949 3845 1129 3909 rotunditas
1156 3845 1267 3911 formae
1296 3869 1370 3909 con-

412 3953 501 4032 gruit
516 3949 702 4035 perfectioni
717 3962 842 4012 vestrae.
867 3949 976 4012 Nostis
992 3959 1097 4011 autem
1115 3947 1192 4032 quia
1208 3969 1368 4011 sacrarum

412 4068 518 4108 rerum
550 4046 639 4124 signa
663 4044 854 4108 venerabilia
881 4058 956 4108 sunt
984 4057 1015 4108 et
1040 4044 1071 4106 in
1099 4044 1232 4107 materia
1255 4044 1367 4110 viliori.

413 4148 488 4229 Ego
507 4157 614 4206 autem
637 4145 773 4207 arbitror
795 4146 882 4228 quod
906 4161 938 4210 et
961 4146 986 4209 si
1010 4169 1125 4210 munus
1141 4144 1304 4211 vilesceret
1324 4147 1367 4209 ab

412 4244 619 4311 aestimatione
630 4244 691 4323 sui,
700 4245 898 4310 convalescet
909 4259 1015 4310 tamen
1026 4247 1130 4333 gratia
1140 4248 1221 4334 ejus,
1234 4248 1368 4332 eoquod

412 4370 513 4415 meam
530 4345 691 4410 caritatem
708 4358 739 4410 et
755 4360 891 4411 vestram
907 4371 980 4412 curn
1003 4350 1159 4441 sapientia
1175 4348 1367 4434 significant,
