3667 5475
395 791 590 870 1159—6l.]
777 808 960 853 nersrotru.
1302 794 1344 851 93

391 958 540 1038 ecclesiae,
565 960 721 1044 quamdiu
752 960 805 1023 alii
836 960 868 1021 in
899 958 1018 1021 inflicta
1044 957 1103 1020 sibi
1133 959 1344 1044 suspensionis

391 1057 546 1123 sententia
572 1059 778 1145 perstiterint.
825 1060 921 1136 Quod
948 1058 974 1122 si
1001 1058 1082 1121 banc
1107 1072 1245 1123 nostram
1267 1052 1346 1123 'cou-

391 1160 576 1245 tempserint
599 1160 832 1232 auctoritatem,
851 1159 1054 1244 praecipimus
1076 1170 1111 1221 ut
1133 1182 1205 1222 cum
1228 1158 1343 1224 litteris

389 1262 505 1326 nostris
531 1260 651 1324 adeatis
679 1259 889 1323 venerabilem
915 1260 1046 1323 fratrem
1073 1272 1215 1324 nostrum
1244 1262 1345 1324 Here-

390 1361 568 1425 fordensem
593 1360 789 1447 episcopum,
813 1372 844 1423 et
866 1372 1100 1445 contemptores
1121 1372 1239 1424 sanctae
1262 1362 1345 1426 Can-

392 1463 558 1526 tuariensis
572 1462 711 1525 ecclesiae
726 1460 849 1525 faciatis
863 1461 992 1545 ¹publice
1008 1461 1285 1525 excommunicari.

577 1798 800 1861 EPISTOLA
824 1797 1015 1859 LXX-au
1031 1814 1157 1859 nucum.

725 1932 806 2011 Περὶ
820 1930 1009 2011 Anplorum.

437 2065 577 2127 Aunrra
594 2064 738 2149 undique
756 2063 915 2127 collisione
939 2085 1119 2147 regnorum,
1134 2076 1165 2127 et
1181 2087 1342 2152 emergen-

394 2164 480 2227 tibus
494 2165 586 2229 novis
601 2188 704 2230 rerum
721 2165 845 2249 liguris,
856 2179 888 2228 et
903 2165 1188 2230 increbescentibus
1204 2190 1222 2229 a
1236 2181 1344 2233 nostra

393 2265 561 2352 iniquitate
585 2268 684 2348 malis,
707 2268 901 2353 praecipuam
928 2267 968 2330 de
995 2267 1096 2331 salute
1121 2283 1235 2344 vestra,
1258 2272 1344 2336 unde

393 2380 439 2432 tot
462 2374 654 2455 populorum
677 2369 761 2433 salus
784 2382 842 2448 est,
865 2370 1065 2455 concepimus
1088 2371 1343 2452 sollicitudinem,

392 2491 466 2551 quae
488 2493 584 2556 super
606 2469 765 2555 flagellum
792 2469 933 2547 Domini,
948 2493 1014 2555 quo
1036 2493 1093 2556 per
1114 2475 1249 2556 gratiam
1273 2475 1344 2559 ejus

391 2568 594 2653 flagellantur
608 2572 638 2636 in
655 2594 796 2657 corpore,
813 2570 864 2634 die
879 2584 1041 2656 noctuque
1056 2570 1166 2656 affligit
1182 2573 1213 2636 in
1230 2585 1344 2640 mente.

394 2672 489 2738 Unde
500 2673 643 2758 cogimur
655 2687 772 2739 stat—um
784 2686 926 2738 vestrum
938 2673 1155 2759 pernumium
1168 2675 1344 2761 explorare,

392 2776 449 2858 qui
459 2796 532 2836 eum
546 2775 571 2837 si
583 2775 650 2838 lieri
661 2796 778 2862 posset,
789 2774 955 2838 mallemus
964 2774 1205 2860 praesentialiter
1214 2776 1342 2842 intueri.

394 2873 601 2940 Meminimus
616 2892 722 2942 autem
738 2877 900 2963 nos-vobis
921 2876 1127 2963 supplicasse,
1145 2889 1180 2940 ut
1196 2876 1342 2959 salutem,

391 3000 492 3062 quum
511 2981 709 3063 praesentiam
727 2989 859 3044 vestram
882 2979 1004 3043 malitia
1025 2977 1175 3063 temporis
1189 2977 1341 3055 invideat,

391 3079 647 3146 archidiaconum
687 3095 842 3159 nostrum,
873 3084 930 3166 qui
960 3080 1051 3145 uobis
1081 3082 1194 3144 unicus
1222 3095 1279 3156 est,
1310 3094 1342 3146 et

391 3182 512 3245 consilii
528 3183 628 3246 nostri
644 3187 768 3269 primus
783 3183 887 3249 redire
903 3181 1139 3268 permitteretis.
1177 3182 1342 3248 Debuerat

391 3281 472 3346 enim
484 3286 605 3348 venisse
621 3308 682 3349 non
696 3297 837 3362 vocatuS,
847 3285 1016 3371 fueratque
1031 3282 1255 3348 inobedientiae
1269 3297 1343 3348 ante
1372 3285 1375 3290 ’

391 3386 564 3450 Dominum
597 3401 628 3451 et
655 3386 798 3452 homines
823 3386 1019 3471 arguendus,
1047 3386 1107 3449 nisi
1137 3407 1212 3450 eum
1237 3397 1343 3452 vestra

388 3488 556 3552 necessitas
578 3501 756 3553 excusaret.
803 3488 865 3552 Sed
889 3481 965 3574 quia
987 3487 1186 3553 voluntatem
1205 3500 1341 3552 vestram

389 3601 507 3652 nostrae
528 3614 650 3676 semper
670 3590 882 3676 praetulimus,
901 3608 933 3654 et
953 3603 1113 3677 quatenus
1130 3589 1255 3654 licuerit
1271 3612 1342 3675 pro-

390 3689 473 3752 lerre
499 3690 707 3769 decrevimus,
734 3693 795 3778 ipsi
822 3693 908 3779 quod
933 3692 1067 3776 deliquit
1097 3714 1155 3776 pro
1179 3689 1341 3756 voluntate

391 3805 494 3855 vestra
516 3793 738 3879 indulgemus:
763 3795 917 3871 volentes,
935 3805 1082 3878 utquam
1100 3792 1156 3855 diu
1173 3791 1341 3857 necessitas

390 3894 543 3980 exegerit,
560 3898 684 3962 insistat
706 3898 861 3983 obsequio
877 3907 995 3971 vestro,
1013 3907 1044 3957 et
1069 3906 1105 3957 ut
1128 3906 1228 3957 totam
1244 3892 1338 3957 fidem

389 4017 476 4059 auam
505 4010 537 4061 et
559 3998 748 4062 iudustriam
777 3996 954 4062 necessitati
977 4006 1090 4058 vestrae
1115 3993 1341 4075 accommodet,

390 4099 609 4183 praecipimus3
629 4101 674 4164 ita
690 4121 795 4164 tamen
812 4113 847 4164 ut
864 4098 1039 4187 quamcito
1053 4095 1221 4182 potueritis
1235 4119 1341 4161 carcre
1424 4166 1428 4174 ,

390 4225 439 4278 co,
454 4205 570 4287 ipsum,
588 4203 613 4265 si
633 4200 749 4287 placet,
765 4201 867 4264 redire
887 4199 1089 4286 permittatis.
1135 4198 1218 4261 Nam
1234 4211 1266 4263 et
1281 4221 1341 4284 ego

390 4303 467 4387 ipse,
488 4327 585 4390 quem
608 4303 820 4367 misericordia
844 4299 974 4366 Domini
996 4299 1108 4365 afflixit
1131 4299 1224 4376 lecto,
1244 4300 1339 4364 etiam

390 4429 461 4469 curn
486 4405 668 4492 temporalis
685 4404 759 4469 vitae
779 4403 957 4490 dispendio,
973 4401 1101 4486 negotia
1116 4413 1220 4465 vestra
1241 4400 1340 4463 liben-
