3667 5475
437 748 548 828 1166.]
701 763 703 768 ·
822 747 999 813 ansanum.
1325 754 1388 812 265

432 913 571 978 alterum
596 939 615 979 a
642 914 784 980 Domino
807 916 936 999 pendet.
991 916 1162 990 Quomodo
1187 926 1295 980 autem
1321 916 1386 993 ille,

433 1038 508 1081 cum
533 1038 598 1101 quo
618 1017 707 1081 vobis
729 1018 892 1100 negotium
916 1018 1048 1101 geritur,
1069 1017 1187 1081 amicos
1211 1030 1244 1081 et
1264 1030 1387 1082 contra·

435 1120 549 1183 hentes
564 1142 671 1183 secum
684 1121 780 1183 beare
795 1120 1007 1198 consueverit,
1017 1143 1056 1183 ex
1068 1142 1131 1205 quo
1147 1120 1176 1184 ei
1192 1120 1224 1183 in
1241 1121 1386 1185 omnibus

436 1222 653 1285 voluntatibus
665 1222 741 1299 suis,
757 1222 854 1285 etiam
875 1246 949 1285 curn
972 1222 1138 1306 dispendio
1154 1222 1248 1286 famae
1264 1235 1297 1286 et
1313 1244 1389 1285 con·

433 1323 578 1387 scientiae
594 1329 657 1387 uon
673 1323 888 1408 acquiescunt,
901 1324 1010 1387 multis
1027 1335 1115 1408 patet
1130 1325 1292 1409 exemplis.
1339 1325 1389 1390 Ex

435 1448 501 1512 quo
521 1426 615 1509 longe
639 1424 854 1511 periculosius,
878 1446 975 1511 quarn
998 1424 1221 1489 inconsiderati
1243 1426 1388 1491 homines

436 1527 620 1613 opinentur,
641 1535 713 1591 'esse
736 1527 872 1590 arbitror
900 1526 1072 1612 aliquando
1100 1527 1141 1589 ad
1168 1526 1389 1612 proanssiones

436 1630 508 1714 ejus
524 1629 684 1713 jacturam
708 1630 812 1692 lacere
836 1628 1039 1691 conscientiae
1062 1641 1095 1692 et
1116 1628 1299 1702 honestatis,
1316 1652 1389 1714 quae

437 1730 464 1793 si
490 1731 596 1795 semel
613 1732 782 1811 laedantur,
804 1730 897 1794 facile
922 1742 1087 1815 nequeunt
1111 1732 1257 1816 reparari.
1304 1731 1387 1795 Nam

436 1854 511 1920 quae
534 1835 566 1898 in
588 1835 742 1899 alterutro
764 1834 846 1896 fiunt
860 1832 1002 1909 vulnera,
1024 1835 1089 1897 sere
1103 1834 1233 1898 lethalia
1255 1845 1338 1912 sunt,
1356 1845 1392 1898 ut

439 1946 547 1999 tamen
563 1942 633 2020 fere
654 1935 756 2018 magis
776 1957 815 1997 ex
830 1934 1015 1997 infirmitate
1039 1935 1141 1998 carnis
1163 1935 1284 1998 dictum
1308 1934 1390 1999 acci-

438 2035 554 2121 piatur,
570 2060 666 2123 quam
690 2059 730 2100 ex
747 2035 871 2121 judicio
890 2034 1032 2101 rationis.
1080 2036 1152 2099 Hac
1175 2036 1260 2099 enim
1279 2035 1389 2119 judice

440 2139 665 2223 perniciosiora
679 2151 763 2216 sunt,
780 2161 876 2225 quam
896 2138 962 2217 illa,
979 2161 1051 2224 quae
1073 2139 1210 2225 corporis
1225 2152 1258 2204 et
1273 2139 1390 2202 animae

438 2261 625 2326 compagem
639 2243 775 2322 solvunt,
788 2239 927 2304 Ethnico
938 2242 1057 2304 nedum
1070 2241 1249 2305 Christiano
1260 2240 1391 2317 dicenti,

545 2346 682 2396 Summum
693 2344 769 2395 crede
781 2340 855 2394 nesus
867 2343 980 2393 unimam
992 2342 1113 2412 proeferre
1125 2345 1224 2412 pudori,

544 2431 590 2493 Et,
602 2435 706 2499 propter
716 2431 805 2492 ritum,
817 2428 920 2480 vivendi
932 2429 1040 2497 perdere
1053 2446 1153 2480 causas

438 2514 539 2579 Unde
561 2525 629 2576 tota
649 2516 764 2577 mentis
786 2515 952 2577 affectione
975 2513 1121 2597 deposco,
1143 2525 1178 2576 ut
1199 2513 1225 2577 si
1247 2515 1287 2577 de
1312 2537 1390 2600 pace

437 2638 512 2680 mea
530 2627 637 2679 actum
653 2614 757 2691 fuerit,
773 2639 811 2680 ea
834 2616 1037 2702 provideatur
1058 2614 1168 2690 forma,
1184 2614 1217 2677 in
1240 2637 1303 2700 qua
1325 2638 1389 2679 non

438 2717 619 2782 offendatur
636 2722 724 2783 Deus
739 2729 772 2782 et
786 2718 943 2793 honestas,
960 2741 1056 2804 quam
1071 2740 1135 2780 non
1158 2717 1260 2780 audeo
1282 2718 1389 2782 dicere

438 2843 509 2905 ego,
533 2821 589 2885 sed
616 2821 706 2884 Deus
728 2821 807 2883 milri
829 2821 981 2884 hactenus
1004 2821 1159 2903 integram
1183 2820 1389 2897 conservavit,

435 2923 537 2988 illaesa
551 2945 679 3010 quoque
692 2923 723 2986 in
741 2935 901 3009 posterum
914 2923 999 3007 apud
1015 2923 1159 2986 homines
1170 2934 1389 2987 conservetur:

437 3037 472 3090 et
486 3027 512 3090 si
524 3027 603 3090 lorte
616 3026 687 3090 talis
702 3026 841 3110 potuerit
852 3026 997 3100 inveniri,
1010 3049 1102 3110 agam
1118 3025 1234 3109 gratias
1249 3026 1390 3089 Domino

439 3140 474 3193 et
495 3129 594 3209 vobis,
614 3142 648 3193 et
670 3128 828 3204 omnibus,
852 3129 907 3214 qui
930 3130 971 3192 ad
993 3129 1053 3192 hoc
1075 3151 1203 3214 operam
1232 3129 1390 3195 dederint.

441 3231 477 3297 Si
498 3253 574 3294 rero
595 3231 635 3294 de
656 3231 848 3318 juramentis
873 3243 980 3294 actum
1003 3231 1108 3313 luerit,
1130 3231 1219 3295 novit
1243 3230 1391 3295 dontinus

440 3355 531 3398 meus
555 3333 731 3419 episcopus,
746 3356 852 3419 -quam
879 3334 988 3419 subtili
1014 3335 1192 3399 reverentia
1217 3333 1249 3397 in
1275 3333 1392 3398 talibus

440 3445 559 3501 tenear.
577 3458 580 3465 ’
600 3436 766 3521 Numquid
779 3459 854 3520 ergo
864 3437 973 3521 jurare
986 3459 1110 3522 possem
1127 3438 1158 3499 in
1175 3459 1212 3500 ea
1227 3437 1393 3522 praescrip·

440 3537 527 3600 tione
542 3537 723 3617 verborum,
738 3550 793 3600 aut
812 3539 916 3622 potius
932 3539 1041 3602 salutis
1064 3538 1302 3621 proscriptione,
1318 3560 1392 3624 quoe

442 3640 484 3703 ab
494 3640 562 3702 aliis
573 3653 609 3703 ut
617 3640 722 3714 audio,
733 3641 870 3724 exigitur
880 3654 912 3704 et
925 3652 1102 3725 praestatur,
1114 3639 1169 3702 ubi
1180 3658 1240 3700 uec
1249 3639 1393 3718 Domini,

441 3762 504 3803 nec
519 3739 608 3822 legis,
624 3762 684 3803 nec
698 3742 816 3804 ordinis
833 3741 974 3805 salvandi
990 3741 1066 3804 licet
1088 3740 1156 3802 fieri
1172 3736 1393 3803 mentionem?

441 3843 497 3907 sed
514 3855 547 3905 et
562 3842 603 3905 de
618 3843 898 3906 consuetudinibus
913 3843 1064 3926 reprobis,
1081 3853 1114 3904 ct
1129 3840 1251 3923 legibus
1265 3840 1391 3923 ignotis,

441 3957 497 4008 aut
513 3945 765 4030 repugnantibus
780 3945 843 4028 legi
860 3944 1004 4018 Domini,
1020 3943 1190 4018 servandis,
1204 3942 1274 4028 quis
1289 3965 1393 4009 sacra·

441 4045 585 4110 mentum'
603 4048 741 4131 praest'at,
759 4047 818 4110 nisi
833 4047 955 4109 alienus
970 4068 989 4108 a
1004 4045 1067 4107 fide
1083 4055 1116 4108 et
1130 4045 1273 4108 omnium
1290 4068 1394 4112 sacra·

443 4158 624 4211 mentorum
648 4146 872 4232 contemptor?
901 4169 977 4210 sarie
1000 4145 1204 4210 temerarium
1231 4146 1335 4223 nimis,
1359 4159 1393 4212 et

442 4249 572 4313 omnino
598 4249 806 4336 praecipitem,
832 4261 864 4313 et
895 4248 1148 4336 praecipitantem
1177 4272 1210 4314 se
1240 4250 1273 4313 in
1303 4248 1391 4313 mille

443 4352 655 4416 damnationis
670 4351 799 4437 laqueos
822 4364 1013 4436 reputarem,
1030 4353 1084 4437 qui
1107 4375 1140 4415 se
1162 4351 1203 4414 ad
1223 4351 1392 4414 observan-
