3667 5475
801 394 806 406 δ

799 470 806 490 'a

726 490 731 502 l·
809 505 811 509 a

724 513 749 533 ἰ

722 545 750 574 νς,

656 589 692 613 ,aa

591 643 598 672 ,Α
701 566 713 695 ἶ

521 679 544 694 tt
572 675 578 684 '¹

511 698 542 716 μ’
694 695 708 710 ’.ι’

408 719 580 857 Ἡδὲ-8.]
652 870 654 873 .
786 793 964 840 aristote.
1312 784 1355 841 2³

404 945 583 1031 postposito
610 943 660 1007 vel
689 959 883 1031 contemptu,
909 947 942 1008 in
974 969 1006 1009 se
1031 944 1158 1008 videtur
1187 968 1362 1032 provocare

404 1043 655 1128 indignationem
674 1046 874 1130 superiorum
899 1047 965 1109 fere
987 1047 1128 1110 omnium
1152 1060 1359 1132 potestatum.

407 1148 558 1210 Summus
595 1146 753 1232 pontifex,
790 1147 1006 1210 serenissimus
1041 1147 1199 1232 princeps,
1229 1147 1363 1212 illustris

405 1246 526 1331 regina,
541 1269 561 1310 a
575 1247 776 1311 fraternitate
786 1261 890 1311 vestra
905 1248 1067 1311 modicum
1083 1248 1162 1332 quid
1179 1262 1360 1331 expectant,

406 1349 438 1411 in
454 1372 520 1434 quo
536 1350 694 1413 honestati
709 1362 741 1412 et
756 1348 958 1412 indemnitati
975 1361 1101 1426 vestrae,
1114 1372 1210 1434 quarn
1228 1349 1361 1416 utilitati·

407 1473 527 1530 eorum,
541 1451 642 1534 magis
656 1464 856 1536 prospectum
874 1451 944 1516 erit.
977 1452 1071 1515 Certe
1086 1451 1111 1514 si
1127 1473 1193 1515 rem
1207 1453 1361 1535 grandem

408 1575 518 1616 eorum
551 1552 685 1639 quilibet
717 1567 839 1637 peteret
865 1551 1038 1635 sigillatim,
1058 1553 1131 1637 jure
1157 1553 1279 1638 optimo
1308 1553 1363 1617 de·
1414 1609 1423 1638 ,
1485 1589 1489 1636 g
1582 1620 1589 1638 .

407 1654 689 1750 bueratexaudiri.
715 1657 764 1719 De
776 1654 867 1717 nobis
882 1667 913 1718 et
929 1653 1081 1718 fratribus
1092 1657 1209 1718 nostris
1221 1668 1361 1719 taceatur
1409 1641 1495 1735 lilii·
1540 1657 1548 1710 '²-
1576 1635 1591 1662 Ἀ

411 1751 452 1814 ad
474 1766 623 1837 praesens,
639 1774 729 1837 quos,
746 1752 770 1814 si
787 1751 966 1838 placuisset,
980 1773 1042 1814 non
1061 1752 1228 1837 oportebat
1242 1750 1274 1815 in
1290 1774 1364 1816 con·
1541 1743 1544 1750 ’

409 1853 479 1916 silio
495 1864 599 1915 vestro
615 1852 717 1918 locum
734 1864 839 1916 tenere
854 1853 1072 1919 novissimum.
1125 1853 1253 1928 Vereor,
1268 1853 1365 1917 dilec-

412 1953 532 2017 tissime
557 1953 666 2034 frater‚
691 1977 801 2019 vereor
823 1976 862 2016 ne
886 1953 1054 2017 consiliarii
1076 1953 1173 2017 vestri
1199 1952 1367 2017 consilium

409 2056 561 2142 insipiens
577 2069 609 2120 et
624 2055 737 2120 iuutile
748 2055 907 2131 dederint,
920 2056 997 2119 dum
1015 2056 1106 2120 nobis
1117 2056 1264 2120 omnibus
1275 2053 1362 2141 apud

412 2181 470 2222 ros
489 2157 635 2242 praeferri
658 2157 850 2222 studuerint.
895 2157 1014 2220 Omnes
1033 2158 1203 2222 consulunt
1225 2158 1257 2220 in
1281 2180 1365 2221 corn-

412 2284 519 2339 mune,
537 2272 573 2323 ut
584 2260 683 2345 juxta
697 2258 877 2346 principum
894 2259 1088 2323 voluntatem
1110 2261 1261 2345 magistro
1278 2260 1365 2324 Salo·

413 2362 498 2426 moni
514 2362 629 2426 cedant
645 2361 795 2439 ecclesiae,
806 2382 881 2445 quae
893 2364 926 2425 in
943 2364 1183 2427 transactionem
1197 2362 1366 2426 Godefridi

413 2478 444 2529 et
460 2462 619 2528 Willelmi
643 2464 764 2528 venisse
786 2463 949 2527 dicuntur.
994 2467 1108 2528 Nonne
1129 2465 1234 2528 tuerat
1256 2485 1365 2526 eorum

414 2580 479 2631 tam
496 2564 667 2629 laudabilis
678 2587 741 2629 non
754 2564 850 2629 modo
866 2564 1070 2650 acceptanda,
1080 2565 1135 2628 sed
1144 2564 1366 2651 praevenienda

414 2667 586 2731 voluntas?
637 2668 818 2731 Honestum
849 2679 881 2729 et
910 2665 1088 2730 litteratum
1119 2666 1221 2730 virum
1254 2667 1368 2731 vestris

415 2770 529 2834 uolunt
565 2769 727 2855 obsequiis
765 2768 954 2855 mancipare,
984 2783 1016 2832 et
1053 2769 1130 2832 dum
1168 2767 1368 2832 liberalitatis

414 2885 529 2936 vestrae
545 2894 662 2936 munus
682 2871 868 2958 implebitis,
882 2870 915 2935 id
932 2893 1025 2955 agere
1040 2894 1079 2935 ne
1096 2871 1173 2934 fiant
1189 2869 1279 2933 irrita
1294 2894 1370 2956 quae

415 2974 456 3038 de
480 2973 574 3038 labiis
595 2974 734 3060 episcopi
759 2987 989 3061 processerunt.
1048 2974 1170 3037 Fuerat
1193 2995 1266 3036 sane
1295 2995 1370 3037 con-

416 3075 622 3162 templatione
644 3075 822 3140 litterarum
845 3089 877 3140 et
903 3098 1039 3152 morum,
1065 3089 1097 3142 et
1115 3077 1188 3162 jure
1210 3075 1369 3141 societatis

418 3177 560 3264 antiquae
584 3178 818 3257 adsciscendas,
846 3178 880 3241 id
906 3177 1001 3243 etiam
1027 3181 1152 3242 nemine
1176 3178 1368 3264 postulante.

419 3284 536 3345 Nonne
581 3280 733 3364 indignus
778 3293 836 3356 est,
879 3279 911 3342 in
955 3279 1251 3365 opportunitatibus
1293 3279 1371 3360 suis,

417 3381 554 3445 fratrum
581 3381 722 3457 consilio,
747 3381 803 3466 qui
829 3379 911 3444 illud
934 3393 999 3444 tarn
1021 3379 1133 3444 leviter
1157 3385 1369 3465 aspernatur?

420 3487 535 3548 Nonne
551 3506 660 3569 preces
679 3482 765 3547 illius
785 3494 948 3546 merentur
962 3481 1101 3560 excludi,
1123 3482 1178 3566 qui
1199 3495 1263 3545 tarn
1285 3483 1370 3569 piam

419 3585 616 3650 voluntatem
648 3583 828 3670 principum
859 3605 921 3646 non
951 3582 1116 3648 admittit?
1150 3595 1187 3645 ut
1224 3581 1265 3646 de
1300 3582 1371 3647 aliis

420 3699 565 3751 taceatur
579 3687 637 3771 qui
653 3697 759 3750 tamen
775 3685 862 3772 apud
880 3707 936 3748 vos
951 3684 1125 3770 plurimum
1147 3707 1238 3770 posse
1253 3684 1371 3748 debent

417 3809 458 3850 ex
474 3788 599 3860 merito,
618 3785 765 3851 voluntas
780 3784 899 3850 domini
916 3806 1009 3871 papae
1024 3783 1159 3870 pleniori
1175 3783 1371 3866 benignitate

421 3888 660 3974 interpretanda
672 3901 750 3954 erat.
780 3887 887 3973 Vulgo
899 3888 962 3951 dici
978 3886 1057 3950 solet
1072 3896 1104 3948 et
1119 3898 1283 3969 acceptum
1297 3883 1374 3947 lide-

421 3988 506 4067 liter,
529 4013 638 4055 verum
661 4003 718 4068 est,
740 3990 816 4075 quia
838 3989 953 4054 summi
976 3987 1135 4074 pontificis
1151 3985 1297 4051 voluntas
1318 3985 1373 4051 de·

421 4102 544 4155 cretum
561 4107 627 4157 est:
654 4105 686 4158 et
701 4115 740 4156 ne
755 4093 787 4155 in
806 4094 879 4179 jure
900 4089 1123 4155 constituendo
1142 4112 1374 4175 causarumque

423 4193 665 4259 discissionibus
694 4195 852 4258 duntaxat
881 4194 1024 4258 obtinere
1052 4191 1212 4270 credatur,
1239 4192 1374 4256 faciendi

423 4293 652 4372 necessitatem,
677 4317 777 4382 quum
797 4293 983 4377 innotuerit,
1010 4294 1185 4357 amantium
1212 4292 1373 4358 devotioni

424 4394 503 4460 solet
534 4397 682 4464 indicere.
741 4398 803 4462 Sed
834 4399 914 4461 forte
945 4395 1056 4460 dicetis
1093 4396 1153 4459 boc
1183 4395 1375 4459 demeruisse
