3667 5475
462 778 658 856 rrae-64]
792 843 794 848 ,
844 797 1022 842 arrsrona.
1337 789 1409 849 -189

460 944 500 1008 R.
516 968 648 1031 quoque
664 945 704 1009 de
722 946 831 1009 Passu.
847 949 1000 1030 generum
1016 949 1228 1013 archidiaconi
1243 950 1285 1013 ad
1302 952 1407 1017 sedem

458 1045 664 1131 apostolicam
685 1049 992 1113 excommunicatum
1014 1052 1247 1128 transmittatis,
1263 1076 1300 1115 eo
1319 1054 1407 1138 quod

457 1149 610 1213 instinctu
640 1148 759 1213 diaboli
789 1148 1011 1234 presbyterum
1047 1152 1216 1217 interfecit.
1276 1153 1408 1217 Noverit

457 1262 565 1313 autem
588 1248 828 1313 archidiaconus
843 1250 922 1334 quid
945 1273 1018 1313 eum
1034 1265 1258 1337 consequatur,
1281 1253 1307 1315 si
1328 1275 1409 1338 prae-

459 1349 547 1414 dicto
562 1350 715 1434 sacrilego
730 1350 962 1414 communicare
977 1374 1072 1416 ausus
1086 1366 1145 1431 est,
1156 1353 1233 1416 dum
1248 1377 1267 1416 a
1282 1353 1410 1439 partici-

456 1452 585 1533 patione
607 1450 676 1535 ejus
698 1449 859 1513 ecclesiam
880 1450 1029 1515 abstinet.
1077 1453 1284 1538 Praecipimus
1304 1467 1340 1518 ut
1361 1477 1411 1518 eo-

460 1550 587 1614 clesiam
615 1551 655 1614 de
676 1550 795 1635 Ringet
822 1573 893 1615 cum
919 1551 1097 1617 ablatorum
1120 1555 1304 1638 integritate
1330 1577 1411 1641 prae-
1473 1629 1478 1639 Ι

459 1652 620 1716 nominato
643 1652 817 1734 R[icardo]
843 1653 969 1716 restitui
990 1654 1124 1717 faciatis.
1175 1656 1269 1732 Quod
1284 1657 1310 1719 si
1326 1656 1411 1721 Rad.

459 1766 630 1817 extraneus
659 1753 775 1817 nostris
805 1766 836 1817 et
867 1754 979 1817 vestris
1004 1754 1161 1818 mandatis
1184 1755 1313 1819 obedire
1338 1779 1410 1821 con-

460 1854 635 1940 tempserit,
651 1855 682 1918 in
699 1878 770 1919 eum
788 1854 987 1919 severitatem
1004 1855 1220 1921 ecclesiasticae
1235 1856 1410 1943 disciplinae

455 1978 600 2019 exercere
612 1978 673 2019 non
687 1956 850 2019 differatis.
896 1956 930 2021 Si
943 1970 1049 2020 autem
1065 1957 1217 2021 adversus
1233 1957 1406 2024 Ricardum

457 2057 578 2144 aliquid
601 2058 683 2144 juris
708 2058 766 2122 sibi
790 2070 968 2143 competere
992 2059 1173 2133 crediderit,
1196 2060 1276 2123 illud
1304 2060 1409 2124 media

456 2163 618 2245 aequitate,
634 2160 689 2223 ubi
706 2161 831 2246 justum
848 2160 957 2234 fuerit,
973 2162 1175 2245 postmodum
1192 2161 1310 2247 poterit
1325 2162 1407 2227 obti-

456 2281 539 2322 nere.

467 2568 701 2632 EPISTOLA
726 2471 956 2662 XCffi-an
973 2587 1173 2631 uaorsrnuar
1189 2589 1396 2634 oaurmnuu.

455 2721 564 2783 Amico
586 2729 625 2816 ¹et
655 2729 790 2802 capitato
818 2743 876 2784 auo
905 2723 1060 2802 rnapistro
1093 2721 1131 2781 G.
1158 2741 1235 2782 suus
1263 2720 1406 2784 Jocrrnes

595 2823 673 2886 Sor.
689 2825 839 2899 salutem,
853 2832 884 2886 et
900 2823 1011 2907 siquid
1025 2843 1063 2883 ea
1072 2822 1264 2904 jucandius.

496 2973 605 3049 Quum
633 2993 728 3055 saepe,
756 2970 857 3036 rarius
883 2985 988 3035 tamen
1011 2991 1106 3056 quam
1132 2968 1255 3047 vellem,
1282 2967 1404 3034 litteras

456 3086 574 3136 vestras
599 3072 781 3158 receperim,
812 3072 973 3136 nullarum
1000 3072 1121 3157 gratior
1145 3070 1208 3135 fuit
1237 3070 1405 3153 adventus,

454 3197 551 3260 quam
576 3175 702 3238 illarum
727 3198 801 3260 quae
824 3174 901 3237 mihi
927 3175 987 3238 sub
1010 3174 1191 3238 domestica.
1216 3172 1405 3237 eruditionis

453 3277 643 3341 auctoritate
659 3277 876 3340 necessitatem
891 3275 1032 3339 veritatis
1043 3274 1237 3340 indixerunt.
1270 3273 1404 3339 Gaudeo

454 3400 590 3464 namque
613 3379 700 3463 quod
722 3378 762 3442 de
782 3379 932 3443 thesauro
954 3377 1092 3442 scientias
1107 3391 1220 3443 vestrae
1234 3399 1319 3441 nunc
1335 3392 1403 3441 tan-

454 3481 525 3544 dem
549 3480 720 3567 probitatis
741 3480 935 3567 exemplum,
959 3482 1045 3568 quod
1069 3480 1158 3544 vobis
1183 3479 1403 3556 reservabatis,

453 3597 485 3646 et
508 3583 587 3646 mihi
610 3584 876 3647 communicatum
902 3598 958 3647 est.
1005 3585 1122 3647 Potero
1144 3582 1273 3666 quidem
1295 3582 1345 3644 his
1370 3594 1403 3646 et

453 3683 607 3746 similibus
628 3683 760 3747 animari
787 3683 826 3746 ad
853 3683 958 3762 fortia,
981 3697 1012 3746 et
1035 3681 1174 3746 Domino
1198 3680 1403 3765 provehente,

453 3783 493 3847 ad
520 3784 633 3848 altiora
662 3785 881 3861 conscendere,
912 3786 938 3847 si
968 3783 1044 3846 mihi
1074 3780 1306 3867 propitiationis
1336 3804 1403 3844 suae

452 3908 579 3949 manum
610 3892 800 3972 porrexerit,
830 3887 886 3973 qui
916 3886 1043 3948 illorum
1071 3884 1238 3948 dumtaxat
1267 3905 1401 3967 operum

452 3986 544 4050 finem
568 3986 719 4064 illustrat,
735 4009 870 4073 qnorum
895 4009 928 4050 se
951 3984 1093 4049 meminit
1112 4006 1178 4047 esse
1200 3981 1401 4069 principium.

452 4090 497 4153 Et
528 4089 601 4153 licet
630 4088 717 4152 illius
745 4089 856 4163 nostri,
885 4085 1032 4174 quisquis
1056 4084 1166 4160 fuerit,
1190 4084 1231 4148 sit
1255 4085 1402 4171 jucunda

451 4185 612 4266 memoria,
627 4205 659 4255 et
682 4191 836 4254 sententia
858 4189 1031 4276 probabilia
1048 4188 1204 4264 videatur,
1220 4203 1267 4252 est
1284 4204 1400 4263 tamen,

454 4305 489 4357 ut
512 4294 661 4369 arbitror,
686 4292 770 4359 unde
794 4294 920 4356 moerori
945 4316 1002 4356 suo
1024 4296 1140 4377 poterit
1156 4291 1228 4376 quis
1250 4289 1400 4352 exhibere

451 4393 609 4462 solatium.
657 4395 813 4477 Magnum
840 4393 987 4479 equidem
1011 4406 1057 4456 est
1082 4393 1238 4455 honorum
1263 4388 1400 4452 fascibus
