3667 5475
502 748 563 807 tau
752 770 888 815 ioannis
904 771 1182 819 sannsnsnrnnsis
1356 757 1402 839 [A.
1422 778 1455 823 n.

498 914 530 976 in
549 917 696 998 Domino,
719 919 950 987 fraternitatem
975 940 1110 987 vestram
1132 924 1172 986 ad
1196 926 1325 1010 propria
1346 926 1454 991 redire

499 1020 692 1097 monuimus,
714 1027 844 1087 omnino
867 1046 929 1087 non
960 1025 1124 1088 credentes
1147 1025 1304 1090 honestati
1326 1042 1454 1109 vestrae,

497 1132 554 1182 aut
570 1120 709 1185 ecclesiae
722 1126 853 1191 utilitati
870 1127 971 1210 magis
983 1126 1105 1211 aliquid
1120 1127 1280 1211 expedire.
1304 1130 1353 1193 Ut
1367 1130 1453 1195 enim

496 1234 610 1285 caetera
639 1240 808 1306 taceamus,
838 1251 912 1312 quae
942 1228 1073 1312 longum
1095 1241 1141 1292 est
1165 1252 1284 1302 enarre,
1308 1232 1454 1316 profecto

498 1345 622 1388 morum
636 1329 726 1392 ruina
738 1328 831 1414 longe
840 1330 1049 1394 miserabilior
1058 1343 1116 1407 est,
1126 1353 1223 1416 quam
1237 1355 1451 1401 nummorum.

497 1426 566 1489 Nec-
597 1442 643 1493 est
669 1430 709 1493 de
732 1432 955 1517 temporalium
985 1432 1150 1495 amissione
1179 1419 1363 1513 dolendum,
1392 1438 1451 1501 ubi

496 1528 699 1615 dispendium
717 1534 890 1599 incurritur
906 1550 1108 1598 aeternornm.
1153 1538 1299 1600 Duorum
1313 1560 1452 1625 namque

496 1631 643 1696 dolorum
651 1635 735 1700 circa
743 1634 879 1698 eundem
890 1635 1032 1698 animum
1041 1635 1290 1720 majordenigrat
1303 1639 1451 1705 alterum.

495 1735 589 1800 Absit
612 1750 721 1801 antem
754 1750 788 1800 ut
811 1736 928 1821 aliquis
950 1737 990 1799 de
1014 1748 1118 1799 vestra
1140 1737 1312 1822 prudentia
1333 1740 1451 1806 audeat

494 1839 658 1923 suspicari,
670 1841 757 1925 qood
775 1840 925 1904 vilissima
940 1862 1057 1909 rerum,
1073 1862 1150 1926 opes
1164 1839 1293 1920 scilicet,
1307 1842 1449 1907 animum

497 1950 636 2003 vestrum
659 1957 805 2004 moveant
826 1940 878 2005 ubi
895 1941 1074 2025 periculum
1097 1939 1240 2005 imminet
1262 1944 1451 2007 animarum.

494 2040 590 2103 Absit
613 2053 649 2103 ut
679 2040 798 2103 invidia
826 2040 961 2125 antiquo
982 2062 1040 2102 suo
1063 2038 1153 2103 vobis
1175 2038 1273 2124 possit
1296 2040 1451 2107 insultare

496 2141 667 2223 proverbio
681 2141 800 2217 dicens,

787 2260 855 2329 quod
867 2260 959 2324 defles,
969 2260 1034 2313 illud
1046 2263 1150 2314 amasti.

497 2366 608 2428 Unum
622 2388 639 2427 e
651 2365 780 2430 duobus
794 2363 914 2450 eligite,
931 2377 987 2429 aut
1004 2364 1070 2429 litis
1085 2365 1252 2429 discrimen
1268 2364 1376 2442 vultis,
1392 2380 1451 2432 aut

496 2489 616 2553 pacem.
661 2470 695 2533 si
726 2468 792 2534 litis
814 2468 969 2531 incertum
998 2467 1167 2554 praefertis,
1197 2466 1352 2532 advertite
1373 2471 1452 2553 quia

496 2570 577 2636 nihil
593 2571 718 2657 turpius
732 2586 779 2635 est
801 2593 895 2656 quam
913 2570 979 2635 suis
994 2571 1090 2634 armis
1104 2570 1295 2656 expugnari,
1311 2582 1342 2634 et
1358 2573 1450 2655 quasi

495 2694 646 2737 mucrone
660 2672 790 2760 proprio
807 2671 963 2758 jugulari.
1008 2671 1040 2737 Si
1065 2693 1188 2757 pacem,
1204 2671 1316 2745 redite,
1337 2685 1368 2736 et
1384 2692 1449 2763 pax

493 2789 560 2841 est:
584 2777 637 2840 sed
659 2776 789 2854 timetis,
818 2773 1001 2859 etquidem
1027 2775 1082 2837 nbi
1105 2796 1166 2837 non
1190 2786 1238 2838 est
1260 2774 1449 2841 timendum.

494 2879 680 2963 Numquam
699 2878 781 2940 enim
804 2875 890 2939 venit
913 2875 944 2937 in
966 2887 1103 2939 mentem
1120 2875 1309 2939 serenissimi
1328 2876 1448 2939 domini

494 2980 592 3044 nostri
617 2980 700 3064 regis
717 2995 753 3043 ut
772 2976 983 3042 innocentiam
1007 2980 1093 3053 vitae,
1111 2976 1326 3061 integritatem
1342 2976 1448 3058 famae,

492 3082 626 3166 gloriam
642 3081 742 3164 regni,
759 3094 848 3143 tanto
864 3080 1046 3163 deturparet
1062 3081 1246 3165 opprobria,
1263 3094 1299 3144 ut
1320 3103 1448 3145 manum

492 3196 636 3247 suamet
660 3204 861 3267 quacumque
883 3205 979 3245 causa
1009 3181 1194 3246 extenderet
1218 3175 1249 3244 in
1282 3182 1446 3246 Christum

492 3286 636 3360 Domini,
658 3283 706 3344 vel
729 3282 868 3368 aliquam
890 3284 1114 3346 contumeliam
1131 3306 1149 3345 a
1165 3307 1370 3368 quocumque
1392 3307 1449 3369 pa-

493 3400 615 3450 teretur
637 3386 758 3449 inferri.
804 3390 841 3449 ln
858 3409 895 3447 eo
907 3386 1064 3470 siquidem
1078 3385 1251 3468 plurimum
1268 3400 1375 3449 motus
1387 3401 1446 3460 est,

491 3489 787 3576 quodcondnctum
804 3502 911 3573 petere
928 3488 1135 3550 necessarium
1156 3487 1329 3566 credidisti,
1343 3509 1446 3573 quum

490 3592 645 3656 neminem
663 3613 770 3652 eorum
790 3612 931 3676 unquam
948 3587 1074 3660 laeserit,
1087 3601 1357 3674 quantaecumque
1375 3610 1449 3672 pro-

490 3693 639 3758 cesserint
662 3691 846 3766 inimicitiae,
869 3693 928 3777 qui
943 3691 982 3753 ad
1006 3714 1037 3752 se
1058 3691 1215 3754 veniebat.
1261 3689 1348 3766 Quid
1371 3712 1447 3773 ergo

491 3798 665 3876 timebatiS,
680 3817 779 3880 quum
798 3816 854 3857 vos
872 3816 946 3869 sua,
962 3805 993 3854 et
1009 3791 1150 3854 omnium
1168 3804 1311 3853 nostrum
1328 3813 1402 3852 voce
1417 3805 1448 3853 et

490 3899 605 3962 litteris
615 3900 795 3961 revocaret?
814 3895 877 3960 Sed
896 3917 953 3956 vos
966 3892 1153 3956 mandatum
1165 3891 1284 3954 domini
1300 3911 1403 3975 papae,
1415 3904 1448 3954 et

491 3998 745 4062 Cluniacensium
771 4011 947 4061 vestrorum
976 3994 1145 4057 necessitas
1169 3992 1302 4055 detinet.
1346 3993 1448 4054 Porro

489 4112 521 4161 et
536 4098 604 4181 ipse
627 4097 774 4158 dominus
790 4119 872 4181 papa
894 4096 1011 4178 reditui
1035 4109 1139 4158 vestro
1159 4091 1448 4177 congratulabitur,

487 4203 597 4264 nolens
617 4199 801 4261 mandatum
824 4199 904 4260 illud
934 4198 1064 4261 utilitati
1085 4211 1199 4260 vestrae
1222 4194 1443 4281 praejudicium

486 4305 600 4378 facere,
618 4315 647 4364 et
667 4322 832 4386 personam
850 4313 985 4361 vestram
1005 4300 1220 4362 Wintoniensi
1237 4310 1268 4360 ct
1286 4287 1467 4358 Gtastoni-'

487 4406 552 4470 ensi
566 4403 711 4478 ecclesiis,
729 4401 800 4486 plus
810 4421 905 4486 quam
915 4399 1114 4463 Cluniacensi
1126 4423 1187 4462 non
1197 4396 1359 4481 ambigitis
1370 4396 1450 4458 obli-
