3667 5475
438 760 479 818 88
692 775 829 820 soranis
844 776 1125 821 saansaanranisrs
1279 761 1281 765 ’
1297 761 1346 841 [a.
1365 783 1396 827 n.

440 924 607 1013 praesentia
635 925 868 1010 Wigorniensis
893 927 1032 1012 episcopi
1055 950 1087 990 se
1105 930 1291 1014 juramento
1317 933 1400 997 obli·

439 1027 572 1110 gaverit.
630 1029 838 1113 Praecipimus
859 1031 982 1116 itaque,
1007 1045 1042 1095 ut
1068 1031 1174 1115 ipsum
1198 1034 1401 1119 compellatis

441 1128 615 1204 restituere,
644 1130 732 1215 quod
764 1131 795 1195 iu
831 1132 1041 1196 aestimatione
1074 1132 1159 1196 dotis
1189 1135 1336 1220 promisit
1365 1137 1399 1199 in

441 1231 608 1316 praesentia
624 1231 744 1295 domiui
758 1232 992 1316 Wigorniensis
1007 1245 1062 1296 aut
1080 1233 1228 1319 amplius,
1239 1248 1400 1321 quantum

440 1331 522 1397 ratio
537 1332 689 1418 exegerit,
705 1333 730 1398 si
746 1332 786 1397 ad
802 1333 863 1398 hoc
878 1335 948 1419 ejus
963 1346 1141 1420 suppetunt
1156 1335 1340 1403 facultates.

716 1612 938 1677 EPISTULA
962 1612 1123 1676 LXVIII.

486 1746 669 1810 Canrrarrs
699 1745 786 1809 zelus
816 1745 1000 1810 accenditur
1030 1746 1061 1810 in
1092 1745 1244 1832 praelatis,
1271 1747 1401 1831 quoties

440 1845 684 1930 deprehendunt
721 1847 754 1909 in
792 1847 936 1910 moribus
971 1847 1200 1931 subjectorum,
1232 1847 1318 1909 unde
1353 1848 1401 1910 eis

441 1950 542 2033 possit
562 1950 674 2013 salutis
695 1949 899 2035 dispendium
923 1949 1095 2014 imminere.
1142 1954 1210 2014 Nos
1227 1963 1334 2013 autem
1357 1971 1399 2014 ex

444 2064 569 2112 tuarum
600 2050 804 2135 conceptione
833 2051 1012 2115 litterarum
1045 2063 1076 2115 te
1106 2051 1249 2115 decorem
1281 2050 1400 2116 domus

443 2148 573 2213 Domini
586 2149 764 2213 desiderare
779 2151 981 2228 confidimus,
994 2152 1089 2238 eique
1101 2152 1189 2237 operi
1201 2151 1400 2233 diligentiam

403 2277 406 2283 ¹
443 2249 672 2338 praestiturum,
704 2265 739 2315 ut
768 2252 801 2316 in
831 2269 886 2317 tua
915 2254 1062 2319 custodia
1094 2254 1208 2318 mundi
1237 2254 1310 2330 sint,
1343 2255 1400 2339 qui

443 2353 551 2417 lerunt
567 2373 641 2426 vasa
662 2355 804 2433 Domini,
820 2369 852 2419 et
873 2368 910 2419 ut
933 2357 1072 2420 Domino
1092 2354 1243 2450 puritatps
1254 2369 1399 2433 actuum,

443 2467 476 2519 et
491 2479 614 2519 morum
636 2457 817 2522 innocentia
839 2472 1073 2538 consecrentur,
1087 2459 1144 2544 qui
1165 2458 1193 2521 ei
1217 2458 1334 2522 debent
1357 2482 1399 2521 ex

442 2556 587 2643 iujuncto
599 2559 659 2624 sibi
669 2560 773 2624 officio
783 2560 842 2624 sibi
854 2561 1001 2624 subditos
1011 2583 1202 2626 consecrare.
1234 2562 1398 2623 Caeterum

443 2660 531 2748 quod
547 2684 566 2723 a
580 2662 672 2726 nobis
682 2662 714 2726 in
730 2663 826 2726 rebus
836 2686 899 2726 non
915 2662 1075 2749 ambiguis
1089 2662 1254 2726 consilium
1268 2661 1400 2746 exigere

443 2762 583 2840 voluisti,
608 2764 797 2829 humilitatis
820 2778 895 2828 nota
919 2776 978 2844 est,
1003 2787 1065 2828 non
1089 2764 1275 2848 ignorantia
1301 2783 1403 2846 argu·

443 2880 596 2931 mentum.
643 2867 807 2952 Siquidem
830 2880 886 2930 tua
906 2866 1056 2928 discretio
1081 2887 1142 2928 non
1167 2864 1293 2949 ignorat
1318 2864 1400 2949 quid

444 2971 523 3033 sacri
553 2994 687 3034 canones
724 2981 866 3034 statuant
900 2968 941 3031 de
971 2968 1164 3032 contiuentia
1198 2968 1398 3030 clericorum.

444 3077 528 3136 Nam
549 3084 580 3135 et
601 3072 733 3136 Siricius
756 3094 840 3156 papa
863 3069 941 3135 alias
964 3071 997 3133 in
1019 3071 1113 3133 domo
1128 3069 1314 3132 clericorum
1329 3090 1401 3135 esse

446 3196 507 3237 non
530 3173 667 3259 patitur:
690 3173 750 3235 nisi
766 3195 819 3234 eas
839 3184 964 3237 tantum
990 3195 1071 3258 quas
1088 3185 1220 3258 propter
1242 3173 1324 3234 solas
1346 3193 1404 3236 ne·

444 3274 674 3339 cessitudinum
704 3295 815 3338 causas
844 3273 989 3339 habitare
1014 3297 1087 3338 cum
1113 3273 1230 3337 eisdem
1257 3270 1401 3359 synodus

447 3376 578 3439 Nicaena
599 3373 753 3460 permisit.
798 3381 864 3441 Eas
879 3391 987 3442 autem
1007 3389 1071 3440 tam
1093 3400 1132 3440 ex
1156 3376 1289 3441 decretis
1306 3378 1401 3461 Sym-

446 3477 560 3558 machi,
590 3501 687 3563 quam
716 3503 756 3543 ex
791 3480 925 3543 concilio
955 3478 1210 3564 Carthaginensi,
1240 3478 1404 3563 variisque

446 3580 660 3645 sanctionibus
679 3586 895 3647 Romanorum
919 3581 1104 3668 pontificum
1127 3580 1220 3643 facile
1239 3592 1287 3643 est
1310 3579 1399 3642 colli-

446 3707 532 3769 gere,
559 3697 596 3748 ut
622 3685 672 3747 hoe
698 3685 774 3750 solae
800 3685 969 3748 videantur
994 3682 1130 3762 admitti,
1153 3705 1172 3744 a
1197 3682 1318 3767 quibus
1344 3694 1403 3747 aut

446 3801 573 3861 natura,
599 3800 655 3851 aut
681 3788 857 3851 reverentia
888 3808 1024 3862 morum,
1051 3800 1108 3849 aut
1130 3785 1264 3848 honesta
1292 3806 1402 3859 causa,

447 3888 551 3972 qualis
571 3899 619 3952 est
639 3888 808 3967 miseratio,
822 3889 854 3951 in
876 3887 1000 3951 afflictis
1019 3899 1051 3950 et
1074 3908 1205 3970 corpore
1228 3883 1405 3949 debilitatis

447 4012 571 4052 omnem
599 3990 732 4053 sinistrae
758 3990 915 4075 opinionis
941 3987 1096 4052 maculam
1120 3987 1234 4050 demit:
1267 3997 1298 4048 et
1324 3986 1403 4050 licet

448 4088 593 4174 plerique
623 4112 756 4152 canones
780 4103 924 4160 matrem,
948 4111 1097 4165 sororem,
1122 4088 1237 4167 aviam,
1259 4085 1404 4163 amitam,

449 4203 661 4264 materteram,
678 4203 798 4272 neptes,
820 4190 1089 4275 domesticamque
1109 4188 1262 4252 familiam
1281 4201 1314 4250 et
1333 4210 1406 4272 per-

450 4315 540 4356 sonas
570 4315 651 4379 quas
679 4291 847 4355 conciliant
876 4292 971 4376 prImi
1003 4292 1123 4376 gradus
1157 4289 1331 4364 affinitatis,
1363 4311 1402 4352 ex

451 4394 683 4460 cohabitatione
713 4391 815 4456 noluit
841 4416 907 4456 esse
935 4408 1105 4478 suspectas.
1153 4397 1274 4456 Beatus
1300 4402 1408 4454 tamen
