3667 5475
448 774 511 834 200
704 789 839 834 soanms
855 791 1131 838 sanasanmausrs
1311 776 1357 857 [a.
1373 796 1403 840 n.

448 939 562 1016 facere,
586 940 716 1024 justitia
742 941 894 1015 dictante,
922 943 946 1005 si
976 942 1133 1027 placuerit
1159 943 1215 1008 illi.
1262 949 1331 1010 Nec
1357 961 1403 1009 est

449 1040 535 1125 quod
566 1065 688 1124 possem
715 1065 787 1125 cum
814 1045 999 1127 integritate
1022 1045 1116 1109 fame
1143 1062 1175 1111 et
1201 1047 1401 1112 conscientiae

448 1142 561 1217 lacere,
589 1144 672 1226 quod
700 1167 758 1223 pro
786 1147 1002 1231 recuperanda
1026 1169 1102 1230 pace
1129 1165 1161 1213 et
1191 1149 1297 1234 gratia
1322 1149 1401 1235 ejus,

447 1245 552 1307 animo
583 1245 694 1310 libenti
725 1270 786 1309 non
816 1248 939 1313 faciam.
988 1248 1115 1314 Placeat
1145 1251 1255 1337 itaque
1287 1262 1400 1315 vestrae

446 1345 622 1428 dignationi
639 1369 688 1410 me
702 1347 733 1409 in
752 1348 809 1410 hac
826 1362 915 1432 purte
932 1348 971 1411 ud
989 1348 1137 1413 bonorem
1153 1350 1213 1414 Dei
1230 1354 1398 1425 instruere,

446 1461 477 1512 et
509 1448 582 1510 milri
615 1471 671 1534 per
701 1449 932 1533 imperatricem
961 1464 991 1513 et
1022 1452 1111 1527 alios,
1137 1466 1173 1517 ut
1199 1453 1398 1517 commodius

447 1550 548 1613 visum
564 1550 672 1630 fuerit,
687 1573 795 1634 pacem
818 1552 878 1615 sub
899 1552 1000 1637 aequis
1016 1554 1262 1631 conditionibus,
1279 1554 1397 1619 scilicet

446 1653 511 1716 sine
528 1653 739 1738 turpitudine,
755 1675 935 1738 procurare.

467 1875 686 1987 EPISTQLA
710 1876 899 1952 GKH-an
914 1907 1061 1952 raanan
1077 1908 1374 1954 canruamausnrr.

807 1989 851 2069 [a.
871 2010 900 2053 u.
921 1992 1029 2072 tlon]

501 2123 630 2185 Tlmmae
646 2124 878 2187 Ountnoriensa‘
893 2127 1136 2208 archiepiscopo,
1151 2127 1298 2190 Joannea
1313 2128 1351 2192 de

823 2227 1019 2291 Soreaberio.

415 2382 419 2428 ἓ
487 2364 539 2426 Ex
554 2364 704 2425 relatione
716 2364 823 2427 latoris
836 2366 1051 2445 praesentium,
1066 2376 1097 2427 et
1111 2365 1209 2428 literis
1220 2387 1300 2449 quas
1316 2365 1395 2429 mihi

439 2466 534 2530 amici
547 2467 608 2527 mei
620 2466 660 2527 ab
674 2467 789 2546 Anglia
800 2467 1053 2541 transmiserunt,
1064 2466 1208 2548 poteritis
1219 2466 1394 2544 advertere,

440 2569 511 2651 quis
526 2569 672 2631 ecclesiae
687 2581 786 2631 status
809 2568 851 2631 sit
865 2569 898 2629 in
920 2589 1027 2649 regno.
1066 2567 1162 2630 Mitto
1182 2568 1278 2630 etiam
1302 2569 1394 2632 vobis

368 2667 371 2672 ⁴
439 2672 555 2747 literas,
581 2693 662 2754 quas
687 2672 766 2733 mihi
792 2670 878 2733 misit
905 2672 1079 2755 episcopus
1110 2671 1308 2742 Baiocensis‚
1338 2690 1395 2754 per

394 2435 422 2491 Δ

438 2775 593 2838 nuncium
607 2795 724 2850 mcum,
739 2793 835 2854 quem
850 2772 890 2835 ad
905 2773 1010 2855 ipsum
1027 2772 1269 2847 destinaveram,
1285 2783 1322 2834 ut
1336 2794 1394 2855 per

439 2878 544 2959 ipsum
567 2877 749 2939 certiorarer
768 2875 808 2937 dc
831 2888 916 2937 statu
937 2875 1039 2937 fratris
1062 2877 1135 2946 mei,
1157 2886 1188 2937 et
1207 2895 1312 2936 rerum
1336 2897 1393 2939 uo·

439 2993 583 3042 stratum.
608 2980 682 3041 Rex
692 2980 776 3040 enim
787 2978 816 3038 ei
827 2978 1027 3039 commiserat
1038 2977 1158 3039 reditus
1168 2987 1394 3058 nostros,quos

437 3085 470 3144 in
486 3082 717 3146 Saresberiensi
732 3081 921 3161 episcopatu
937 3079 1143 3142 habebamus.
1180 3080 1270 3150 Quos
1285 3094 1390 3142 autem

435 3185 632 3246 habebamus
649 3182 682 3242 in
694 3181 763 3242 aliis
779 3181 926 3243 eeclesiis
942 3181 1056 3262 partim
1073 3181 1289 3242 Londoniensi
1303 3201 1389 3243 com-

437 3282 532 3355 misit,
548 3283 662 3363 partim
679 3283 768 3343 aliis:
795 3284 851 3364 qui
869 3294 989 3345 tantam
1012 3281 1209 3363 diligentiam
1225 3282 1390 3355 adhibent,

435 3399 471 3448 ut
486 3380 564 3444 nihil
581 3382 656 3443 inde
672 3382 831 3463 possimus
847 3384 963 3445 habere
980 3405 1040 3464 ego
1056 3396 1088 3445 et
1103 3384 1196 3445 frater
1212 3404 1310 3458 meua,
1326 3405 1388 3447 nec

436 3487 552 3570 aliquis
566 3485 696 3546 nomine
712 3501 841 3558 nostra,
863 3497 895 3546 et
910 3486 994 3547 sicut
1010 3487 1146 3548 referunt
1163 3489 1218 3566 qui
1235 3486 1274 3547 de
1290 3488 1389 3568 parti·

435 3595 496 3654 bus
510 3590 574 3652 illis
596 3588 739 3662 redeunt,
755 3609 803 3649 res
825 3599 941 3649 nostrae
961 3587 1177 3669 dilapidantur
1196 3588 1338 3661 omnino,
1354 3602 1391 3651 ut

434 3717 494 3757 nec
515 3691 672 3763 ecclesiae,
688 3712 749 3752 nec
765 3690 878 3750 domus
899 3690 1089 3751 reficiantur.
1127 3691 1199 3770 Ego
1216 3691 1387 3772 superbae

434 3807 465 3858 et
478 3796 539 3877 ipsi
553 3792 770 3855 londoniensi
782 3789 907 3871 scripsi,
920 3801 951 3851 et
964 3789 1205 3864 Herefordensi,
1218 3801 1249 3851 et
1261 3790 1389 3869 Wigor-

434 3897 536 3969 nensi,
554 3907 585 3956 et
606 3891 801 3955 Cieestrensi
824 3890 998 3972 episcopia,
1014 3903 1046 3952 ot
1068 3890 1292 3952 archidiacono
1316 3890 1390 3952 Pic-

433 3999 576 4061 taviensi.
615 3995 826 4057 Cicestrensis
842 4005 947 4054 autem
964 4014 996 4053 se
1012 4013 1031 4053 a
1051 3991 1175 4054 domini
1190 3992 1274 4071 regis
1289 3993 1390 4071 gratia

433 4097 592 4160 excidisse
614 4096 826 4176 conqueritur,
843 4110 875 4156 et
889 4094 960 4156 haec
977 4096 1073 4155 verba
1089 4094 1271 4175 subjungit:
1300 4093 1387 4165 Quia

428 4200 515 4265 ,solus
545 4195 779 4256 londoniensis
813 4201 961 4256 censetur
995 4198 1125 4257 nomine
1152 4214 1219 4256 sne.
1270 4197 1300 4255 N
1304 4195 1388 4256 ullus

430 4304 565 4367 aliorum
592 4295 669 4356 mihi
695 4295 868 4375 respondit.
907 4297 1077 4378 Exspecto
1096 4311 1202 4358 tamen
1223 4308 1255 4357 ut
1273 4296 1384 4357 saltem

431 4403 527 4467 rerba
539 4401 615 4463 deut
627 4397 705 4458 mihi
720 4398 815 4458 veteri
828 4400 931 4461 amico
947 4421 1006 4462 suo
1023 4401 1056 4462 in
1072 4399 1173 4462 reditu
1192 4398 1301 4459 nuncii
1312 4397 1385 4458 mei.
