3667 5475
440 777 505 837 220
700 787 837 834 soauurs
853 786 1130 833 saaussamausrs
1303 771 1347 851 [a
1362 792 1389 836 n.

437 953 470 1005 ct
499 939 631 1004 exilium
662 942 865 1013 sustinemus,
896 940 975 1004 certi
1015 940 1168 1023 quoniam
1207 940 1315 1005 fidelis
1345 953 1389 1006 est
1449 935 1452 942 ’

437 1042 608 1118 Dominus,
624 1042 680 1126 qui
695 1063 760 1106 non
776 1041 892 1105 tentari
907 1062 969 1103 uos
983 1040 1122 1124 patietur
1136 1062 1233 1125 supra
1248 1043 1281 1105 id
1305 1044 1390 1127 quod

434 1164 616 1225 possumus,
632 1142 689 1205 sed
712 1142 753 1205 de
767 1144 840 1226 ipsa
854 1143 1029 1205 tentatione
1042 1142 1218 1224 profectum
1236 1145 1348 1207 salutis
1363 1157 1390 1208 et

435 1254 592 1307 anteactae
616 1243 689 1306 citoe
710 1244 897 1327 purgatione
920 1243 1034 1305 eliciet.
1080 1241 1131 1304 De
1154 1265 1204 1305 me
1227 1244 1343 1327 loquor
1363 1256 1392 1311 et

435 1344 626 1429 quibusdam
651 1345 732 1422 aliis,
749 1365 831 1427 quos
854 1344 922 1407 scio
942 1344 977 1405 in
1001 1342 1061 1406 hac
1086 1343 1293 1408 tribulatione
1318 1368 1392 1410 con·

435 1445 594 1524 gratulari,
610 1456 645 1507 ut
667 1446 779 1507 crebro
801 1442 1006 1521 meditentur,
1023 1455 1055 1506 et
1070 1443 1179 1507 dicant
1195 1445 1244 1507 ci:
1267 1446 1392 1510 secun,

434 1545 512 1605 dum
528 1544 768 1607 multitudinem
782 1544 924 1605 dolorum
940 1563 1080 1605 meorum
1095 1545 1132 1605 in
1143 1544 1236 1606 corde
1247 1565 1325 1622 meo,
1337 1548 1392 1623 &a

432 1645 576 1707 Patimur
597 1645 684 1708 euim
707 1665 766 1727 per
791 1644 923 1725 gratiam
950 1639 1024 1720 Dei,
1040 1665 1102 1705 non
1120 1655 1156 1706 ut
1178 1644 1316 1708 adulteri
1338 1657 1391 1716 aut

434 1743 619 1821 homicidae,
633 1764 700 1806 nou
716 1752 751 1805 nt
765 1741 955 1806 incendiarii
980 1754 1035 1805 aut
1056 1744 1215 1825 sacrilegi,
1231 1744 1289 1808 sed
1305 1748 1391 1809 velut

435 1844 620 1909 Christiani.
667 1845 763 1907 Hanc
791 1842 889 1905 fidem
916 1855 1055 1906 nostram
1081 1845 1239 1908 insaniam
1262 1858 1389 1931 reputat

433 1945 582 2022 mundus,
597 1956 630 2008 et
645 1945 858 2008 constantiam
873 1944 949 2007 fidei
972 1945 1183 2026 pertinaciam
1198 1958 1305 2026 vocat,
1320 1971 1391 2031 pro·

434 2047 605 2110 sessionem
620 2046 760 2114 veritatis
776 2054 809 2109 et
822 2059 898 2108 nota
913 2055 947 2108 et
967 2046 1097 2109 nomine
1112 2048 1264 2111 vanitatis
1284 2049 1391 2126 inurit,

435 2146 558 2207 cultum
573 2142 736 2225 religionis
761 2145 977 2226 appellatione
1002 2144 1181 2227 hypocrisis
1204 2158 1259 2209 aut
1284 2168 1391 2230 super·

435 2244 583 2321 stitionis,
603 2255 659 2306 aut
681 2244 811 2306 alterius
836 2245 985 2308 falsitatis
1009 2244 1220 2309 dehonestare
1246 2259 1390 2322 conatur,

435 2344 493 2407 sed
508 2345 660 2428 princeps
674 2345 900 2427 Apostolorum
916 2348 1006 2409 aliter
1029 2347 1126 2408 sentit
1141 2355 1173 2407 et
1197 2348 1390 2411 contrarium

434 2448 546 2512 docet:
569 2446 657 2510 Haee
671 2451 718 2507 est
731 2447 827 2520 enim,
842 2458 880 2507 ut
894 2446 950 2522 ait,
962 2448 1076 2527 qratia
1092 2447 1184 2526 apud
1197 2448 1389 2523 Dominum,

435 2550 513 2630 quia
527 2552 563 2611 in
586 2549 643 2611 hoc
661 2548 764 2612 vocati
785 2549 860 2610 estis
880 2570 901 2609 a
928 2547 1064 2619 Christo,
1080 2556 1116 2609 at
1136 2552 1321 2627 sequamini
1341 2570 1390 2613 oc-

434 2649 532 2728 atipio
553 2648 632 2727 ejus.
676 2648 744 2711 Sed
765 2652 806 2724 et,
820 2648 849 2707 si
870 2647 949 2737 quid
967 2649 1273 2733 patiminipropter
1287 2651 1390 2727 jamt-

434 2756 526 2826 tiam,
543 2750 740 2829 deprimitis.
785 2747 908 2825 Aderit,
925 2748 1041 2811 dilecte
1062 2749 1120 2820 mi,
1132 2750 1165 2810 in
1181 2751 1272 2813 brevi
1287 2751 1390 2816 aderit

433 2856 551 2917 arbiter
566 2850 829 2928 conscientiarum
846 2861 878 2911 et
892 2849 1006 2930 judex,
1022 2851 1138 2933 cuique
1153 2850 1337 2915 redditurus
1353 2865 1389 2916 ut

432 2955 557 3025 meruit,
587 2963 619 3015 et
640 2963 716 3014 tune
746 2951 850 3032 palam
873 2951 940 3022 fiet,
964 2952 1117 3034 quicquid
1140 2951 1237 3014 modo
1267 2955 1386 3033 garriat

434 3054 582 3129 munduS,
598 3074 661 3136 qua
675 3063 781 3113 mente
797 3051 934 3132 quisque
950 3052 1074 3113 vixerit.
1120 3051 1253 3113 interim
1277 3074 1387 3135 quaeso
1408 3050 1414 3062 ’

434 3156 508 3229 tuis,
534 3162 566 3215 ot
592 3162 774 3214 sanctorum
804 3172 885 3234 quos
910 3153 1004 3226 nosti,
1030 3172 1081 3213 me
1109 3151 1208 3214 socias
1237 3155 1390 3235 precibus

435 3253 588 3335 adjuvari,
598 3261 643 3324 ut,
655 3252 722 3312 siin
733 3252 819 3312 invio
832 3273 912 3326 sum,
926 3251 1012 3334 quod
1024 3274 1088 3314 non
1101 3252 1207 3330 crede,
1217 3276 1269 3315 me
1280 3254 1390 3317 Chris·

433 3364 484 3415 tus
499 3352 550 3412 via
565 3351 724 3433 justorum
740 3350 872 3413 reducat
886 3352 928 3414 ad
951 3354 1112 3415 semitam:
1141 3354 1166 3414 si
1190 3355 1222 3414 in
1238 3355 1290 3415 via
1306 3375 1391 3431 sum,

433 3474 484 3515 me
506 3473 565 3535 per
588 3472 738 3537 prospera
763 3452 812 3512 vel
836 3452 978 3528 adversa,
1002 3464 1037 3514 ut
1061 3454 1122 3515 sibi
1149 3454 1387 3535 beneplacitum

433 3556 539 3631 fucrit,
553 3553 710 3636 perducat
727 3553 769 3616 ad
784 3554 890 3616 vitam.
937 3555 969 3616 Si
995 3555 1183 3638 Magistrum
1208 3556 1390 3630 Galterium

431 3657 558 3734 videriS,
573 3658 603 3719 ei
619 3666 733 3739 perte,
750 3667 780 3717 et
795 3677 852 3737 per
867 3655 988 3718 amicos
1005 3666 1278 3739 quantascumque
1297 3667 1388 3738 pote·

431 3762 474 3822 ris
490 3759 606 3839 gratias
621 3758 748 3833 reseras,
760 3768 791 3817 et
801 3758 942 3817 maxime
953 3777 1011 3837 per
1022 3758 1170 3819 comitem
1184 3757 1389 3835 Gausridum,

432 3882 528 3943 quem
551 3858 666 3941 diligit,
684 3868 725 3934 et,
741 3862 768 3920 si
789 3857 924 3919 facultas
946 3859 1081 3932 affuerit,
1098 3880 1170 3921 eum
1192 3859 1338 3940 recipias,
1355 3870 1389 3922 et

432 3963 472 4021 ab
488 3957 558 4022 aliis
572 3960 674 4040 recipi
688 3959 789 4021 facias
805 3966 955 4040 tanquam
972 3961 1121 4036 angelum
1145 3960 1290 4035 Domini,
1307 3982 1388 4041 quo·

431 4060 516 4120 niam
533 4070 565 4120 et
579 4060 659 4141 ipse,
670 4068 705 4120 ut
720 4060 863 4135 arbitror,
876 4060 938 4121 Dei
950 4059 1095 4122 minister
1110 4069 1168 4136 est,
1180 4071 1211 4123 et
1227 4069 1386 4141 quantum

431 4157 508 4219 licet
522 4158 555 4217 in
570 4157 658 4224 curia
674 4160 814 4219 membra
827 4158 948 4222 Christi
959 4159 1176 4242 multipliciter
1192 4160 1386 4223 consolatur.

432 4257 521 4326 Quos
537 4273 616 4335 puer
630 4252 785 4314 invenerit
800 4254 970 4337 adjutores
983 4257 1095 4339 quisve
1111 4258 1152 4320 sit
1165 4280 1256 4320 meus
1272 4269 1388 4332 status,

430 4376 488 4440 pro
510 4363 599 4437 parte
621 4354 737 4436 poterit
761 4353 916 4435 judicare.
963 4358 1205 4441 Imputabisque
1236 4359 1385 4436 fortunae,
