3667 5475
495 787 557 846 aot
758 796 895 842 ioannis
911 795 1191 841 sauasnnnrsnsrs
1359 784 1405 858 [a.
1422 802 1451 845 n.

498 950 614 1027 durior,
629 960 665 1012 ut
683 971 747 1012 non
769 950 960 1011 erubescant
982 948 1190 1026 confidenter,
1206 960 1241 1014 ut
1256 952 1359 1029 aiunt,
1374 974 1452 1034 prae-

498 1052 604 1116 dicare
618 1051 839 1114 innocentiam
854 1049 1004 1127 hominis,
1016 1050 1108 1135 cujus
1118 1050 1273 1114 malitiam
1289 1062 1321 1116 et
1335 1053 1453 1138 iniqni-

497 1162 578 1215 tates
592 1153 692 1229 novit,
707 1150 861 1235 praedicat
876 1164 909 1213 et
925 1150 1101 1214 detestatur
1122 1150 1326 1216 Christianus
1341 1153 1452 1217 orbis?

495 1253 723 1318 Convenerunt
745 1275 829 1330 eum,
851 1264 886 1316 nt
909 1253 1034 1330 dicitur,
1057 1255 1217 1337 Episcopi
1245 1256 1396 1319 London.
1420 1270 1453 1320 et

414 1420 422 1436 ,
497 1356 664 1419 Heresord.
687 1357 806 1440 quibus
830 1377 874 1430 se,
897 1366 940 1417 ut*
958 1356 1058 1432 aiunt,
1078 1356 1120 1419 ad
1143 1378 1272 1420 ornnem
1291 1358 1451 1442 justitiam

496 1457 622 1520 obtulit.
667 1460 784 1521 Nonne
801 1458 972 1541 episcopus
995 1456 1097 1521 Lond.
1113 1459 1169 1522 ille
1185 1469 1245 1535 est,
1261 1461 1316 1543 qui
1332 1461 1452 1544 primus

495 1560 529 1622 in
547 1561 664 1641 Anglia
675 1559 772 1622 scidit
782 1560 927 1622 ecclesiae
943 1559 1109 1636 unitatem,
1120 1560 1210 1642 quod
1226 1582 1341 1624 omnes
1355 1584 1451 1625 nove-

495 1671 579 1737 runt,
593 1674 625 1727 et
647 1661 959 1743 archiepiscopandi,
976 1660 1062 1744 qnod
1086 1662 1214 1745 plurimi
1237 1662 1451 1745 suspicantur,

497 1763 671 1825 ambitione
694 1773 827 1836 tractus,
841 1763 940 1824 totius
961 1762 1056 1844 hujus
1079 1762 1248 1826 discordiae
1271 1764 1376 1827 fomes
1391 1764 1449 1827 im·

498 1865 609 1947 primis
623 1865 742 1940 extitit,
758 1874 790 1928 et
810 1862 984 1927 incentor?
1021 1865 1141 1927 Nonne
1162 1867 1264 1947 stylus
1282 1867 1356 1950 ipse
1377 1887 1452 1929 con-

497 1967 599 2030 vincit
621 1966 813 2049 Acbitophel
836 1976 870 2028 et
891 1966 1018 2043 Doech‚
1043 1988 1178 2049 quorum
1200 1967 1317 2050 spiritu
1339 1970 1454 2051 plenus

498 2078 557 2144 est,
586 2068 621 2130 in
650 2068 710 2132 hac
742 2067 877 2151 epistola
899 2068 1109 2152 expressisse,
1135 2070 1381 2133 communicatis
1405 2071 1454 2133 bis

499 2190 571 2253 quae
586 2168 705 2249 fingere
720 2169 829 2250 potuit
851 2190 891 2230 ex
916 2170 1030 2251 spiritu
1045 2191 1115 2245 suo,
1131 2171 1185 2253 qui
1206 2180 1321 2233 neutro
1343 2192 1452 2235 eornm

497 2270 530 2331 in
556 2266 686 2345 talibus,
708 2289 811 2330 rerum
837 2269 1038 2351 experientia
1061 2272 1288 2355 comprobatur
1313 2272 1452 2337 inferior.

498 2371 581 2433 Nam
598 2382 630 2432 et
650 2370 778 2453 loquela
800 2368 870 2453 ejus
892 2370 997 2453 ipsum
1021 2373 1224 2436 manifestum
1246 2373 1333 2437 facit.
1380 2375 1451 2438 Nec

495 2490 573 2533 curo
584 2469 624 2533 de
634 2469 810 2532 mendaciis
821 2493 891 2554 quae
901 2492 998 2553 super
1009 2472 1138 2536 introitu
1148 2486 1252 2536 vestro
1262 2475 1451 2539 interserere

480 2593 593 2649 ,ausus
614 2582 672 2644 est,
696 2572 772 2655 quia
798 2593 938 2654 praesens
953 2573 1076 2650 audivi,
1099 2586 1131 2637 et
1153 2574 1227 2637 vidi.
1276 2576 1372 2638 Solus
1397 2577 1451 2639 ille

496 2675 627 2738 verbum
642 2674 806 2739 electionis
820 2684 932 2737 vestrae
947 2686 1069 2755 gratnm
1084 2685 1149 2738 non'
1168 2675 1290 2754 habuit,
1307 2678 1364 2762 qui
1387 2699 1451 2761 prae

391 2861 394 2866 .
496 2778 620 2840 caeteris
631 2776 790 2853 omnibns,
801 2775 887 2859 quod
903 2797 945 2838 ex
961 2777 1069 2838 multis
1084 2777 1198 2840 claruit
1208 2785 1239 2839 et
1254 2778 1354 2841 claret
1369 2778 1453 2841 indi·

496 2877 567 2955 ciis,
582 2879 663 2940 utin
680 2877 787 2940 sedem
805 2888 939 2939 vestram
961 2876 1164 2941 induceretur
1187 2879 1356 2961 aspiravit:
1389 2903 1453 2943 nou

497 2991 600 3043 tamen
624 2979 679 3041 diu
694 2980 826 3062 obloqui
841 2999 937 3040 ansus
959 2988 1018 3056 est,
1033 2979 1104 3041 aliis
1126 2979 1331 3060 arguentibus
1353 2983 1453 3043 ambi·

496 3083 617 3144 tionem
633 3091 665 3143 et
679 3080 913 3162 impudentiam
928 3080 1007 3163 ejus.
1050 3079 1213 3162 Quicquid
1228 3102 1304 3160 ergo
1321 3082 1454 3145 haberet

496 3184 605 3258 animi,
633 3203 725 3265 quern
757 3180 797 3242 de
823 3181 1020 3243 conscicntia
1044 3180 1171 3264 judicat
1201 3181 1372 3259 Dominus,
1399 3185 1448 3245 in-

494 3285 606 3364 primis
619 3283 803 3361 eligentium
819 3282 889 3358 fuit,
901 3295 933 3344 et
949 3284 1097 3345 electioni
1113 3284 1204 3345 sactae
1221 3283 1283 3344 sere
1299 3287 1451 3362 omnibus

495 3385 567 3465 plus
589 3382 760 3463 applausit.
805 3382 892 3454 Quid
917 3385 1023 3447 dicam
1050 3385 1090 3447 de
1119 3382 1360 3447 Herafordicnsi
1387 3387 1450 3448 nisi

494 3485 579 3567 quod
596 3483 791 3567 aliquandiu,
805 3485 864 3546 etsi
880 3506 945 3547 uon
959 3487 1076 3565 magni,
1091 3487 1178 3548 stetit
1193 3498 1298 3547 tamen
1309 3486 1447 3572 alicujus

494 3588 631 3650 nominis
647 3589 768 3664 umbra,
783 3600 954 3670 antequam
978 3588 1112 3650 sciretur
1134 3588 1206 3671 quis
1228 3599 1330 3650 esset:
1363 3611 1449 3653 nnnc

494 3702 600 3755 autem
617 3691 675 3752 snb
692 3692 828 3752 obtentu
842 3690 922 3772 ejus,
939 3690 994 3772 qui
1009 3690 1168 3752 litteratus
1188 3688 1328 3753 creditur
1344 3693 1385 3754 ab
1402 3693 1451 3754 his

493 3794 548 3876 qui
570 3794 691 3855 litteras
714 3794 871 3871 ignorant,
894 3805 949 3853 aut
969 3792 1087 3873 ipsum,
1109 3813 1198 3854 suam
1223 3794 1335 3855 volunt
1357 3795 1446 3877 impii

494 3897 647 3958 malitiam
662 3916 842 3978 procurare,
859 3906 893 3955 ut
909 3893 1054 3956 videatur
1069 3905 1319 3956 consentaneum
1335 3896 1447 3958 rationi

493 3996 649 4077 quicquid
679 3997 845 4071 litteratus,
876 4007 908 4057 et
944 3995 1093 4076 antiquus
1123 3993 1245 4056 dierum
1277 3996 1448 4080 episcopus

493 4097 723 4175 approbaverit.
779 4096 866 4175 Ergo
895 4095 966 4158 istis
1000 4092 1127 4157 duobus
1165 4096 1371 4178 respondere,
1401 4097 1448 4157 vel

493 4194 661 4256 sententiae
677 4216 783 4255 eornm
800 4197 1014 4277 acquiescere,
1030 4207 1079 4258 est
1100 4196 1233 4258 transire
1256 4197 1390 4259 omnino
1413 4197 1445 4259 ln

493 4294 682 4360 sententiam
706 4295 953 4373 Londoniensis,
969 4320 1005 4360 ac
1031 4299 1056 4359 si
1079 4299 1112 4359 in
1130 4299 1291 4361 Caesarem
1315 4320 1446 4382 compn-

492 4413 609 4465 taretur
624 4410 655 4462 et
672 4397 830 4461 Bibulum.
877 4400 988 4463 Ethici
1004 4401 1030 4462 si
1045 4400 1177 4483 quidem
1192 4401 1396 4478 meministis,
