3667 5475
437 801 501 860 260
696 811 830 857 rosanus
845 810 1124 856 smssnnnrnnsrs
1298 794 1401 872 [uns

470 1066 689 1130 EPISTOLA
714 1066 951 1129 CLXVI.-sn
966 1083 1138 1127 urcoaaun
1156 1083 1199 1127 nn
1216 1027 1353 1127 srsrnao.

746 1226 883 1288 Nicoloo
898 1224 938 1287 de
955 1224 1078 1306 arpino.

481 1360 588 1434 ERAT,
602 1368 637 1422 ut
652 1358 793 1433 memini,
808 1379 909 1439 genus
924 1357 1103 1434 hominum,
1118 1356 1172 1446 qui
1188 1360 1223 1421 in
1238 1358 1383 1422 Ecclesia

438 1461 502 1525 Dei
513 1459 809 1524 archidiaconorum
822 1469 992 1523 censentur
1005 1461 1145 1538 nomine,
1158 1463 1274 1545 quibus
1286 1473 1385 1524 restra

438 1561 590 1626 discre'tio
613 1582 737 1623 omnem
759 1561 870 1623 salutis
892 1561 974 1624 riam
1002 1564 1194 1644 querebatur
1215 1584 1287 1626 esse
1309 1584 1382 1647 prae·

437 1662 569 1727 clusam.
599 1663 695 1741 Nam,
703 1672 739 1724 ut
750 1660 855 1724 dicere
868 1663 1088 1736 consuevistis,
1100 1663 1237 1744 diligunt
1248 1686 1384 1740 munera,

439 1777 617 1849 sequuntur
637 1764 873 1841 retributiones,
895 1764 937 1827 ad
959 1763 1091 1847 injurias
1113 1767 1205 1848 proni
1230 1779 1316 1845 sunt,
1338 1788 1384 1831 ca·

436 1868 568 1930 lumniis
583 1864 735 1945 gaudent,
749 1874 883 1948 peccata
897 1864 1010 1947 populi
1027 1865 1202 1927 comedunt
1217 1879 1250 1928 et
1265 1868 1385 1941 bibunt,

438 1969 555 2053 quibus
572 1968 687 2029 riritnr
702 1987 744 2047 en
764 1978 867 2048 rapte,
881 1975 917 2027 ut
937 1986 1002 2027 nou
1018 1966 1059 2027 sit
1073 1966 1191 2050 hospes
1206 1969 1248 2029 ab
1264 1969 1386 2050 hospite

437 2080 535 2132 tutus.
581 2068 645 2139 Qui
659 2068 692 2129 in
710 2068 758 2129 eis
772 2066 1024 2149 praestantissimi
1045 2078 1128 2143 sunt,
1145 2068 1264 2131 debent
1279 2069 1386 2154 utiquo

437 2190 562 2232 serrare
584 2169 688 2247 legem
718 2168 861 2244 Domini,
887 2166 944 2229 sed
968 2188 1034 2229 non
1063 2168 1195 2231 faciunt.
1248 2172 1332 2233 Haec
1357 2180 1386 2233 et

436 2269 554 2332 similia
580 2270 714 2345 solebat,
739 2268 772 2328 in
800 2267 977 2331 miserrima
1002 2269 1186 2332 conditione
1209 2270 1385 2349 hominnm,

437 2380 550 2433 restrae
580 2370 710 2451 pietatis
738 2369 898 2431 miseratio
927 2370 1103 2452 deplorare.
1148 2373 1251 2435 Bonis
1280 2388 1385 2437 autem

435 2471 510 2537 viris
535 2484 567 2535 et
588 2472 700 2535 amicis
721 2472 834 2534 restris
858 2472 1019 2552 agendum
1044 2482 1093 2535 est
1116 2475 1234 2553 gratias
1261 2478 1332 2540 Deo
1358 2487 1386 2540 et
1424 2462 1425 2465 Ἴ

437 2573 568 2638 domino
590 2574 818 2651 Lincolniensi‚
844 2574 901 2656 qni
927 2575 1052 2656 aperuit
1074 2578 1185 2639 oculos
1210 2589 1331 2641 vestros
1356 2591 1387 2642 et

436 2678 520 2741 riam
546 2677 666 2751 docuit,
694 2696 758 2761 qua
780 2677 842 2738 hoc
874 2696 975 2756 genus
998 2677 1165 2741 hominum
1193 2701 1262 2743 non
1291 2681 1386 2746 modo

435 2781 601 2863 perveniat
612 2780 652 2841 ad
665 2780 810 2852 salutem,
819 2779 1021 2840 inenarrabili
1033 2781 1259 2846 salvandorum
1271 2807 1388 2848 corona

437 2882 635 2956 decoratum,
651 2881 708 2944 serl
724 2893 756 2943 ct
770 2880 965 2962 superiorem
987 2894 1201 2965 consequatur
1215 2889 1387 2963 aureolam,

437 3006 508 3068 quae
525 2986 608 3046 sicut
622 2984 771 3066 martyrio
786 2983 956 3054 laureatur,
970 2995 1002 3044 et
1017 2984 1195 3064 virginitate
1209 3002 1388 3065 vernantes,

436 3089 481 3150 sic
513 3086 752 3169 praedicationis
787 3085 893 3146 officio
930 3096 1133 3148 coruscantes
1162 3088 1306 3170 insignit.
1361 3095 1388 3154 A

437 3189 578 3251 Domino
590 3187 720 3269 quidem
733 3187 851 3248 sactum
866 3196 914 3249 est
929 3186 1025 3262 istud,
1036 3189 1090 3270 qui
1104 3192 1217 3252 oculos
1233 3195 1387 3257 coecitatis

434 3300 546 3351 vestrae
569 3287 703 3371 aperuit,
725 3297 758 3349 et
779 3288 940 3370 patefacta
955 3291 1082 3353 veritate
1106 3293 1139 3353 in
1162 3314 1262 3356 causa
1284 3295 1386 3360 archi·

436 3388 868 3470 diaconorum'perniciosam
884 3390 962 3452 secit
974 3402 1091 3453 mutare
1104 3396 1307 3459 sententiam.
1333 3399 1387 3460 Li-

435 3501 487 3553 cet
502 3499 607 3551 autern
620 3489 731 3551 merito
743 3488 902 3571 gaudeant
917 3492 1247 3558 archidiaconirestro
1257 3498 1385 3580 judicio

435 3590 583 3668 absoluti,
601 3589 696 3652 credo
713 3612 762 3652 me
782 3612 847 3652 non
872 3591 1027 3653 minorem
1050 3615 1143 3675 quam
1164 3594 1253 3676 ipsos
1269 3620 1385 3662 conce-

433 3694 520 3778 pisse
536 3693 575 3755 rle
592 3703 694 3754 restra
710 3691 909 3774 promotione
930 3693 1083 3771 laetitiam,
1099 3695 1174 3776 quia
1189 3697 1384 3783 ubicumque

431 3798 576 3858 locorum
593 3794 664 3870 sim,
679 3816 730 3856 me
752 3792 793 3855 ad
812 3792 969 3855 honorem
985 3807 1016 3856 et
1032 3797 1221 3879 obsequium
1236 3812 1385 3878 restrum,

432 3899 465 3958 in
496 3898 613 3980 quibus
643 3895 846 3958 discretionis
878 3905 987 3986 restrae
1014 3917 1147 3960 censura
1175 3901 1383 3980 ‘praescribere

433 3996 625 4075 dignaretur,
651 3996 888 4078 promptissima
914 3999 1075 4060 voluntate
1099 3999 1222 4062 devovi.
1268 4002 1381 4083 Magni

432 4097 591 4178 siquidem
612 4099 754 4160 muneris
774 4100 873 4160 instar
896 4112 990 4178 esset,
1006 4101 1032 4161 si
1053 4101 1131 4161 mihi
1154 4103 1279 4185 aliquid
1301 4105 1382 4168 infra

430 4197 514 4258 vires
525 4217 612 4258 meas
622 4198 745 4259 velletis
756 4199 934 4282 injungere,
945 4212 977 4262 et
988 4203 1220 4284 peregrinantis
1230 4207 1379 4268 affectum

430 4308 603 4381 utcumque
625 4299 774 4380 experiri.
821 4301 871 4362 De
893 4315 1008 4365 caetero
1024 4305 1104 4366 lator
1126 4307 1331 4386 praesentium
1348 4308 1379 4370 in

431 4401 587 4485 obsequio
601 4421 683 4477 meo,
700 4411 731 4463 et
746 4401 847 4463 fratris
866 4405 965 4467 nostri
987 4404 1106 4468 diutius
1121 4407 1307 4471 immoratus
1323 4420 1379 4487 est,
