3667 5475
398 762 593 843 llos-604
776 781 955 827 nersronn.
1307 773 1348 829 ab

394 919 469 1011 pars
499 929 626 1017 culpam
657 931 798 997 refundit
827 931 859 995 in
889 931 1038 997 alteram:
1070 953 1108 994 ne
1134 944 1203 996 tum
1230 934 1347 998 veritas

393 1030 563 1108 elucescat,
584 1055 659 1119 pars
682 1033 807 1099 abbatis
830 1033 959 1097 videtur
984 1032 1147 1119 impedire.
1194 1035 1274 1099 lnde
1298 1047 1346 1100 est

392 1132 480 1218 qnod
499 1134 700 1200 unanimitati
717 1147 830 1201 vestrae
852 1135 1067 1221 supplicamus
1089 1135 1119 1198 in
1143 1136 1293 1212 Domino,
1309 1150 1345 1201 ut

392 1235 508 1300 nostris
534 1235 697 1301 laboribus
723 1258 806 1301 nunc
832 1236 961 1300 demum
990 1234 1083 1298 finem
1109 1236 1290 1321 imponatis,
1313 1251 1345 1301 et

390 1336 446 1400 aut
461 1359 570 1422 pacem
596 1337 775 1401 reformetis
794 1336 945 1413 ecclesiae,
963 1336 990 1399 si
1014 1350 1119 1400 tamen
1142 1336 1210 1400 fieri
1230 1350 1347 1423 potest,

390 1437 538 1521 partibus
551 1436 838 1514 commanentibus,
854 1449 910 1501 aut
927 1436 959 1500 in
975 1438 1077 1501 securi
1093 1438 1231 1523 justitiae
1246 1442 1346 1506 succi-

389 1536 475 1603 datis
489 1538 625 1603 radicem
642 1540 776 1615 arboris,
787 1562 860 1626 quae
872 1538 1102 1605 dissentionum
1118 1555 1150 1606 et
1160 1543 1343 1627 jurgiorum

390 1637 517 1704 tructus
545 1641 756 1707 amarissimos
785 1641 871 1706 facit.
919 1639 1030 1704 Valeat
1061 1664 1186 1727 semper
1215 1642 1344 1709 dilectio

392 1752 511 1819 vestra,
526 1761 645 1805 memor
664 1742 764 1805 nostri
784 1740 815 1804 in
836 1739 1034 1804 orationibus
1054 1741 1226 1828 suis'apnd
1244 1743 1344 1808 Altis·

396 1862 523 1905 simum.

547 2147 785 2213 EPISTOLA
809 2147 1029 2213 §tuln-m
1047 2166 1175 2213 nucum.

638 2300 778 2362 Domino
794 2300 875 2381 Περὶ
890 2298 1078 2382 Anplornm.

428 2446 509 2511 Inna
531 2460 579 2511 est
602 2470 772 2533 regnorum
801 2471 876 2512 vera
897 2471 972 2535 pax,
996 2463 1029 2514 et
1052 2472 1175 2535 semper
1196 2448 1338 2535 optanda

384 2546 608 2633 tranquillitas,
625 2572 726 2635 quum
742 2551 774 2614 in
791 2550 854 2614 fide
869 2565 902 2614 et
917 2550 1086 2616 dilectione
1102 2551 1162 2615 sibi
1176 2553 1335 2616 cohaerent
1412 2556 1420 2571 “’
1443 2546 1492 2574 ⁰²¹⁴
1518 2518 1549 2568 “l
1559 2541 1579 2561 ‘'

382 2649 523 2712 membra
534 2649 684 2726 ecclesiae,
697 2665 729 2714 et
741 2650 959 2715 sacerdotibus
973 2650 1114 2715 debitam
1128 2651 1333 2715 reverentiam

382 2750 552 2836 principes,
562 2765 594 2817 et
605 2753 803 2839 principibus
818 2753 922 2841 plenae
937 2753 1100 2818 fidelitatis
1114 2753 1265 2817 exhibent
1277 2754 1334 2817 ob-

381 2853 530 2938 sequium
554 2853 740 2918 sacerdotes.
789 2855 822 2918 Si
838 2877 913 2917 vero
934 2855 1000 2916 suis
1019 2855 1051 2917 in
1073 2877 1106 2917 se
1125 2852 1334 2917 facultatibus
1394 2850 1410 2870 '¹
1437 2834 1467 2877 t»
1483 2848 1498 2864 '¹

380 2954 586 3029 collidantur,
599 2967 662 3018 tam
678 2954 838 3035 secularis,
850 2977 948 3041 quam
964 2954 1182 3020 ecclesiasticae
1197 2966 1334 3040 potesta-

379 3057 421 3122 tis
445 3056 653 3120 enervabitur
676 3057 779 3141 vigor,
805 3057 881 3142 quia
903 3057 1002 3141 juxta
1027 3077 1136 3119 vocem
1164 3056 1331 3132 Altissimi,

377 3157 410 3220 in
422 3178 455 3220 se
465 3153 602 3221 divisum
615 3178 748 3242 regnum
762 3155 930 3242 quodlibet
942 3156 1114 3221 desolatur.
1145 3161 1214 3222 Nos
1223 3146 1330 3221 antem

377 3281 512 3346 semper,
527 3260 666 3325 maxime
681 3258 879 3344 temporibus
893 3263 1018 3335 vestris,
1034 3260 1109 3324 huic
1125 3259 1241 3324 unitati
1256 3281 1330 3322 con-

376 3360 522 3426 ciliandae
533 3376 564 3426 et
577 3361 742 3432 servandae
756 3361 1006 3447 invigilavimus,
1016 3375 1048 3427 et
1059 3362 1200 3448 corporis
1210 3383 1332 3425 rerum-

376 3485 440 3550 que
457 3461 625 3549 dispendia
644 3462 791 3538 fecimus,
807 3478 845 3527 nt
865 3463 897 3526 in
921 3486 1021 3528 unum
1042 3463 1117 3527 fidei
1138 3475 1170 3528 et
1192 3463 1331 3528 caritatis

374 3564 427 3628 hae
440 3577 663 3628 concurrerent
681 3574 872 3649 potestates;
898 3577 943 3644 et,
957 3563 1097 3627 Domino
1111 3562 1241 3649 quidem
1256 3584 1330 3627 anc-

373 3677 455 3742 tore,
477 3664 540 3730 huc
564 3688 663 3750 usque
685 3665 890 3750 profecimus,
913 3663 968 3729 sed
991 3665 1087 3729 modo
1112 3683 1276 3727 versamur
1297 3663 1329 3726 in

371 3765 482 3830 labore
504 3777 537 3830 et
558 3765 698 3850 periculo
720 3764 869 3850 graviori.
916 3765 1059 3829 Scissnra
1084 3765 1168 3828 enim
1190 3762 1329 3827 ecclesiae

371 3871 529 3934 Romanae
541 3868 691 3932 novitatis
702 3869 833 3932 suscitat
849 3877 1017 3944 amatores,
1028 3879 1061 3930 et
1073 3864 1329 3951 praesumptioni-

368 3969 433 4034 bus
446 3971 580 4035 multam
596 3970 685 4034 dedit
701 3971 876 4034 audaciam.
915 3967 1082 4054 §iquidem
1099 3964 1153 4029 alii
1168 3963 1256 4057 apud
1271 3970 1329 4030 nos

368 4070 604 4152 Alexandrum,
623 4071 686 4150 alii,
701 4070 876 4157 disponunt
895 4082 928 4134 et
948 4067 1036 4131 adire
1058 4079 1090 4131 et
1107 4065 1335 4157 visitareVic-¹

364 4154 482 4238 lenem
513 4173 617 4238 Nobis
631 4186 738 4238 autem
749 4173 906 4236 incertum
923 4184 971 4234 est
986 4170 1060 4255 quis
1074 4191 1183 4252 eorum
1200 4193 1327 4235 causam

344 4253 656 4363 ”gh-‘abeat‘potiorem
674 4296 731 4337 nec
746 4293 915 4360 possumus
930 4292 994 4350 eos,
1008 4273 1065 4357 qui
1081 4270 1120 4334 ad
1137 4269 1326 4335 alterutrum

366 4376 549 4475 inconsulta
573 4375 701 4440 levitate
725 4375 861 4448 evolant,
883 4372 1076 4436 auctoritate
1100 4383 1205 4436 vestra
1229 4372 1327 4456 repri-
