3667 5475
429 756 493 820 288
686 770 821 816 scaurus
837 769 1113 817 sannsssarnssrs
1281 750 1338 830 [a
1354 771 1384 815 n.

435 925 624 992 necessitate
639 924 801 1001 coexulat,
816 923 922 986 acrius
934 922 1076 987 rideatur
1092 943 1212 1004 urgere.
1244 923 1385 988 Domino

434 1038 540 1090 tamen
556 1034 688 1106 urgente

575 1147 700 1201 Nondum
711 1146 775 1200 cedo
786 1146 871 1211 malls,
884 1144 931 1200 sed
942 1151 1031 1199 contra
1042 1146 1178 1200 audentior
1188 1146 1241 1212 ibo,

575 1231 665 1294 Quam
677 1246 736 1283 moa
746 1248 791 1283 mc
802 1229 906 1283 fortuna
917 1230 996 1283 sinat.

435 1346 511 1410 Soio
526 1353 634 1409 autem
648 1343 738 1428 quod
761 1343 802 1407 de
818 1344 956 1407 consilio
970 1352 1076 1406 vestro
1090 1344 1212 1406 nullam
1235 1343 1386 1425 recipiam

434 1446 663 1521 conditionem,
693 1466 764 1529 quae
795 1446 845 1509 rel
884 1445 1028 1528 speciem
1064 1444 1182 1508 habeat
1216 1445 1388 1509 inhonesti.

436 1546 597 1610 Dominus
618 1547 841 1631 interimque
865 1546 1046 1609 necessaria
1068 1546 1194 1624 suerint,
1209 1545 1295 1609 sicut
1313 1544 1387 1607 fecit

434 1648 600 1726 hactonus,
615 1646 804 1731 providebit.
818 1646 823 1655 ’
849 1647 888 1709 In
904 1646 1027 1710 ratione
1042 1645 1109 1709 dati
1123 1655 1155 1710 et
1170 1646 1297 1730 accepti
1312 1666 1387 1730 pau·

436 1748 574 1812 cissimis
588 1757 711 1824 teneor,
722 1746 781 1810 sed
796 1747 903 1810 abbati
920 1766 991 1809 meo
1008 1756 1041 1809 et
1051 1748 1142 1810 vobis
1157 1767 1254 1830 super
1268 1766 1390 1823 omnes,

436 1860 469 1913 et
483 1850 549 1914 fere
564 1848 653 1912 solis.

450 2110 670 2174 EPISTOLA
692 2110 1024 2174 CXLIX-rossum
1038 2127 1223 2173 meracum
1237 2127 1283 2172 an
1298 2128 1377 2173 uae.

567 2227 724 2273 ioannem
739 2230 782 2273 ns
798 2228 1011 2274 suessanum.
1037 2211 1082 2292 [a
1100 2231 1132 2275 n.
1150 2210 1260 2290 1167.]

485 2345 648 2417 Quorum
670 2344 847 2427 prudentiae
868 2355 982 2409 vestrae
1006 2346 1219 2411 sinceritatem
1246 2347 1279 2408 in
1302 2347 1394 2411 libris

442 2445 528 2508 beati
558 2445 707 2528 Dionysii
735 2446 893 2531 perpendi
920 2447 1086 2526 delectari,
1108 2447 1225 2511 librum
1255 2447 1324 2532 ejus
1352 2446 1393 2511 de

444 2545 602 2627 Angelica
616 2545 805 2611 Hierarchia
815 2558 929 2611 vestrae
940 2549 1087 2611 transtuli
1103 2549 1239 2613 caritati.
1278 2550 1396 2622 Fateor

444 2658 551 2711 tamen
566 2647 742 2729 elegantias
761 2669 811 2712 me
827 2648 1004 2712 dictionum
1025 2649 1229 2713 eruditissimi
1244 2659 1276 2712 et
1291 2649 1395 2712 diser·

445 2750 559 2814 tissimi
589 2750 647 2812 riri
676 2751 819 2815 oratione
848 2752 962 2814 Latina
991 2749 1169 2835 exprimere
1199 2751 1394 2835 nequivisse.

447 2853 532 2915 Nam
559 2852 645 2935 apud
672 2856 805 2918 Graecos
831 2854 979 2938 quaedam
1005 2854 1253 2936 compositiones
1273 2853 1398 2916 inveni·

447 2963 552 3029 untur,
566 2953 684 3036 quibus
703 2955 865 3035 eleganter
885 2964 919 3015 et
939 2953 1065 3036 proprie
1087 2974 1136 3015 res
1156 2952 1399 3034 significantur3

447 3052 535 3137 apud
549 3053 684 3116 Latinos
705 3067 811 3118 autem
831 3053 953 3116 eaedem
973 3075 1024 3116 res
1042 3052 1169 3116 duabus
1184 3064 1239 3115 aut
1252 3053 1399 3136 pluribus

450 3154 647 3217 dictionibus
669 3156 865 3235 ineleganter
891 3165 924 3216 et
949 3153 1120 3237 improprie
1146 3163 1179 3216 ct
1202 3152 1398 3235 quandoque

446 3255 676 3318 insufficienter
685 3254 902 3335 designantur.
933 3255 983 3318 Ad
993 3255 1300 3318 commendationem
1310 3254 1397 3316 enim

448 3356 585 3439 alicujus
599 3375 744 3438 personae
760 3356 809 3418 vel
832 3357 960 3419 alterius
975 3357 1020 3418 rei
1034 3359 1144 3439 pulcre
1165 3355 1290 3419 articuli
1310 3353 1399 3437 apud

449 3477 506 3519 eos
526 3467 720 3539 repetuntur,
742 3467 775 3520 et
797 3479 853 3542 per
876 3458 1006 3521 eosdem
1026 3459 1175 3522 articulos
1200 3457 1307 3519 multae
1328 3476 1399 3518 ora-

447 3559 551 3622 tiones
566 3560 628 3623 sibi
639 3560 777 3623 invicem
789 3562 947 3644 perpolite
961 3568 1202 3623 connectuntur.
1232 3558 1341 3620 Taceo
1356 3556 1399 3619 de

447 3660 563 3742 insigni
594 3659 833 3724 constructione
862 3659 1102 3742 participiorum
1135 3670 1167 3721 et
1198 3657 1398 3728 infinitorum

448 3763 651 3827 articulorum
675 3762 928 3846 conjunctorum.
980 3759 1177 3844 Hujusmodi
1201 3753 1307 3822 autem
1334 3759 1399 3819 ele·

448 3866 564 3947 gantiae
579 3865 666 3949 apud
678 3864 812 3926 Latinos
826 3862 1039 3945 nequiverunt
1052 3860 1199 3924 inveniri.
1231 3855 1399 3938 Contingit

449 3967 534 4027 enim
558 3965 645 4048 quod
667 3966 695 4028 si
717 3964 877 4027 dictiones
899 3985 938 4026 eo
964 3963 1160 4046 ordineque
1184 3971 1258 4025 sunt
1281 3958 1398 4041 positar

447 4065 685 4139 transferantur,
707 4075 761 4126 aut
782 4063 955 4126 difficulter
975 4063 1201 4145 intelligantur,
1224 4070 1280 4124 aut
1301 4059 1398 4122 aliam

448 4163 637 4225 sententiam
657 4164 761 4226 facere
783 4163 958 4228 videantur.
1002 4165 1054 4228 Ea
1077 4174 1217 4248 propter,
1241 4161 1299 4225 ubi
1320 4181 1399 4224 con·

448 4286 561 4348 gruum
577 4261 669 4336 duxi,
685 4263 863 4327 dictionum
884 4266 1030 4329 ordinem
1046 4265 1251 4336 conservavi;
1276 4259 1400 4326 alicubi

445 4388 520 4432 vero
546 4375 676 4451 propter
701 4363 876 4427 faciliorem
905 4366 1111 4432 intellectum
1135 4366 1281 4429 ordinem
1312 4384 1402 4426 com-
