3667 5475
434 763 476 821 56
691 773 827 818 rennuis
843 770 1118 818 sauusumuausrs
1297 753 1345 834 [s.
1364 772 1397 817 n.

432 927 609 1005 destinatis,
635 922 841 1010 praecipiatis,
868 934 1025 1007 quatenus
1055 921 1142 1007 quod
1172 941 1231 985 nos
1256 938 1398 1007 urgente

433 1028 617 1096 necessitate
633 1024 772 1110 episcopi
788 1024 874 1110 apud
890 1047 949 1087 nos
957 1023 1117 1087 exulantis
1132 1022 1281 1086 canonice
1293 1037 1399 1087 statu-

433 1152 523 1193 emus
537 1129 570 1193 in
587 1126 776 1202 wallenses,
792 1124 851 1211 ipsi
868 1138 973 1190 ratum
990 1124 1138 1197 habeant,
1155 1136 1187 1188 et
1201 1123 1397 1189 sententiam

435 1244 572 1296 nostram
589 1229 722 1294 tirmiter
737 1228 917 1294 observent.

632 1534 855 1599 EPISTOLA
879 1532 1056 1598 niv-m
1075 1550 1200 1595 naonis.

496 1680 575 1764 Regi
590 1681 776 1762 simplorum,
793 1677 1043 1741 cantuariensis
1060 1674 1335 1759 Arelliepiscopus.

477 1840 577 1917 Quam
600 1837 654 1923 pia
677 1833 844 1899 devotione
866 1832 956 1897 vobis
979 1833 1151 1909 servierim,
1173 1834 1280 1899 verbis
1303 1859 1395 1901 enar-

433 1964 503 2004 rare
519 1938 716 2025 superfluum
737 1937 830 2009 duco,
846 1958 947 2021 quum
972 1935 1047 1999 mihi
1070 1935 1243 2001 multorum
1266 1950 1396 2024 tempo·

432 2062 503 2105 rum
528 2040 694 2105 manifesta
715 2060 812 2123 opera
833 2051 1036 2113 attestentur,
1052 2052 1084 2102 et
1105 2037 1178 2102 fidei
1198 2062 1277 2103 meae
1300 2042 1396 2106 testis

433 2143 466 2205 in
482 2141 562 2207 eoelo
578 2141 630 2216 sit,
642 2155 674 2205 et
690 2140 888 2204 conscientia*
902 2140 1046 2203 conscius
1058 2144 1088 2204 in
1105 2140 1238 2205 excelso.
1268 2142 1395 2207 Attrita

432 2257 480 2308 est
495 2266 569 2307 curo
582 2266 663 2321 mea,
674 2255 706 2307 et
723 2257 788 2307 tam
804 2254 897 2306 aetate
908 2264 1004 2328 quam
1021 2241 1183 2308 laboribus
1194 2240 1394 2329 praelatigati

437 2358 511 2409 sunt
532 2357 634 2422 artus,
656 2355 689 2408 et
710 2344 869 2429 aegritudo
891 2345 999 2429 gravis
1024 2357 1056 2408 et
1082 2345 1238 2409 diuturna
1262 2345 1391 2409 dierum

432 2470 574 2511 meorum
587 2447 681 2510 linem
693 2446 725 2510 in
736 2446 826 2510 brevi
838 2446 947 2509 adesse
958 2446 1136 2511 denuntiat.
1166 2446 1391 2511 Desideratum

432 2549 488 2613 diu
499 2549 611 2613 faciem
622 2566 757 2614 vestram
771 2548 877 2613 videre
888 2549 1066 2633 sperabam,
1074 2561 1245 2635 antequam
1258 2550 1390 2627 moriar,

432 2665 465 2716 et
479 2675 532 2715 eos
547 2675 628 2739 quos
644 2674 721 2717 meae
736 2650 890 2715 custodite
903 2651 936 2714 in
954 2673 1051 2736 regno
1069 2665 1174 2716 vestro
1188 2652 1393 2717 commenda-

431 2769 520 2820 verat
533 2760 633 2831 Deus,
652 2754 725 2841 ipso
738 2754 915 2839 inspectore
937 2767 969 2818 et
991 2768 1071 2818 teste
1092 2753 1183 2818 vobis
1204 2755 1391 2840 praesentia-

431 2856 504 2922 liter
532 2858 731 2922 decreveram
761 2856 991 2921 eommendare.
1048 2856 1112 2921 Sed
1141 2858 1219 2942 quia
1247 2856 1289 2921 ad
1318 2861 1392 2946 ejus

433 2981 566 3022 examen
592 2960 687 3024 citius
716 2980 823 3039 vocor,
849 2972 923 3022 ante
952 2957 1044 3041 cujus
1071 2958 1211 3022 tribunal
1236 2958 1269 3023 in
1295 2959 1390 3024 brevi

434 3060 591 3124 stabimus
613 3083 733 3134 omnes,
761 3061 960 3125 serenitatem
989 3074 1136 3136 vestram,
1163 3061 1265 3145 regios
1292 3063 1390 3128 corde

432 3159 626 3245 provolutus
649 3159 689 3222 ad
717 3159 825 3244 pedes,
852 3160 968 3225 litteris
987 3183 1091 3224 coram
1119 3158 1260 3244 Domino
1275 3163 1390 3248 judice

432 3259 573 3323 omnium
597 3258 809 3343 praesentibus
830 3257 987 3344 alloquor,
1010 3262 1166 3325 attentius
1189 3262 1390 3348 supplicans,

431 3373 470 3423 ut
492 3357 616 3420 fidelem
637 3371 789 3438 vestrum,
812 3359 903 3444 cujus
925 3361 958 3424 in
980 3383 1038 3425 vos
1060 3383 1235 3448 numquam
1258 3363 1393 3430 devotio

432 3458 547 3545 tepuit,
561 3471 707 3544 agentem
721 3460 753 3523 in
769 3463 920 3525 extremis
935 3462 1107 3546 dignemini
1123 3465 1284 3529 exaudire.
1318 3470 1389 3531 Ex-

432 3561 541 3627 audite
567 3584 685 3647 quaeso,
712 3576 750 3627 ut
775 3585 831 3626 vos
856 3563 888 3626 in
916 3564 1067 3628 extremis
1097 3567 1210 3630 vestris
1234 3567 1388 3635 exaudiat

431 3669 531 3731 Deus.
577 3664 739 3730 Exaudite
761 3687 811 3728 me
832 3688 892 3750 pro
914 3666 1009 3729 domo
1030 3667 1170 3746 Domini,
1185 3682 1217 3732 et
1234 3692 1292 3753 pro
1317 3666 1392 3755 par?

432 3768 514 3833 vulis
529 3769 609 3855 ejus,
621 3791 702 3854 quos
716 3768 857 3831 humano
872 3768 1042 3832 destitutos
1058 3768 1169 3833 solatio
1184 3769 1387 3857 derelinquo,

414 3883 469 3935 -ut
491 3871 621 3936 domum
645 3883 781 3935 vestram
809 3883 938 3935 tueatur
963 3868 1158 3951 Altissimus,
1180 3885 1212 3936 et
1234 3872 1388 3957 parvulos

431 3985 562 4049 vestros,
585 3987 617 4035 et
644 3971 782 4035 filiorum
807 3985 983 4036 vestrorum
1007 3972 1039 4034 in
1063 3996 1168 4038 aevum
1194 3973 1385 4040 consoletur.

431 4070 629 4135 Transmitto
651 4073 741 4134 vobis
763 4085 794 4136 et
818 4074 926 4136 semini
956 4087 1070 4154 vestro,
1093 4075 1343 4140 benedictionem
1367 4101 1387 4141 a

430 4170 570 4235 Domino
585 4173 665 4232 Jesu
678 4171 821 4236 Christo:
846 4187 877 4236 et
894 4197 950 4237 vos
966 4176 991 4240 si
1008 4175 1111 4260 placet
1127 4176 1292 4243 destitutis
1307 4179 1386 4244 meis

430 4273 604 4357 majestatis
621 4285 733 4335 vestrae
756 4271 902 4337 solatium
924 4276 1050 4341 mittite.
1082 4278 1278 4342 Commendo
1294 4279 1386 4344 vobis

320 4391 326 4401 ’
430 4388 568 4440 sanctam
585 4377 844 4459 Cantuariensem
861 4377 1035 4459 ecelesiam,
1051 4381 1091 4446 de
1106 4382 1198 4468 cujus
1213 4405 1307 4446 manu
1326 4406 1409 4471 per·⁶
