3667 5475
401 804 406 824 t
436 768 476 825 72
693 780 830 824 roan-uis
847 777 1129 822 saansaumaums
1298 758 1345 837 [n.
1364 777 1395 820 u.

441 930 559 1015 agitur,
585 953 667 1015 quoa
695 953 749 992 vos
781 931 936 1012 sapientes
962 929 1093 1014 spiritus
1124 926 1302 1012 prophetiae
1330 949 1393 990 non

442 1054 564 1117 semper
586 1032 736 1095 illustrat.
784 1030 891 1093 Facile
914 1046 1019 1095 tamen
1043 1028 1232 1093 crediderim
1255 1029 1397 1093 Lexovi-

443 1157 542 1211 enses,
557 1156 656 1220 quum
673 1132 811 1218 plurima
826 1136 937 1208 sciant,
953 1147 985 1197 et
1007 1153 1221 1217 quaecumque
1237 1129 1397 1195 voluerint

441 1235 642 1320 eloquantur,
658 1257 724 1297 esse
738 1233 873 1297 divinos
921 1233 1076 1318 Nunquid
1093 1256 1169 1318 ergo
1184 1256 1224 1295 ex
1241 1256 1397 1317 quacum-

444 1359 506 1421 que
521 1360 616 1400 causa
630 1360 710 1400 ausu
727 1335 893 1399 temerario
908 1334 1096 1398 contendam
1114 1348 1231 1411 tecum,
1247 1336 1305 1421 qui
1322 1359 1398 1399 auc-

442 1437 571 1502 toritate
587 1452 617 1501 et
635 1437 747 1501 merito
770 1436 1018 1502 Lexoviensibus
1040 1437 1185 1522 patribus
1201 1435 1395 1521 adaequaris.

444 1541 573 1605 Domini
604 1541 629 1604 si
659 1540 789 1626 quidem
826 1538 1039 1602 Lexovienses
1071 1552 1177 1621 patres
1206 1560 1267 1601 non
1298 1539 1397 1603 modo

441 1641 672 1728 eloquentium,
682 1642 734 1705 sed
746 1641 936 1727 eloquentiae
944 1638 1180 1723 quodammodo
1192 1652 1276 1703 sunt.
1310 1640 1395 1704 Nam

441 1767 541 1830 quum
559 1744 834 1808 Aureliacensibus
855 1742 911 1827 qui
930 1740 1101 1804 multarum
1118 1762 1222 1803 rerum
1246 1740 1394 1824 peritiam

440 1860 472 1911 et
489 1869 581 1911 usum
599 1846 726 1924 babent,
741 1859 910 1931 aequentur
925 1845 959 1907 in
975 1842 1131 1929 plurimis,
1142 1841 1174 1905 in
1190 1865 1227 1905 eo
1241 1842 1393 1907 facillime

440 1948 641 2021 antecedunt,
657 1946 745 2032 quod
768 1948 819 2010 bic
841 1963 1016 2010 nascuntur
1037 1959 1068 2008 et
1092 1944 1174 2008 fiunt
1196 1943 1395 2029 eloquentes,

439 2048 518 2110 adeo
541 2048 669 2133 quidem
687 2062 723 2112 ut
745 2071 868 2111 ornnem
893 2062 1019 2112 aetatem
1043 2059 1075 2111 et
1098 2069 1207 2110 sexum
1231 2046 1393 2131 genuinus

439 2150 629 2233 eloquentiae
645 2173 722 2213 usus
736 2151 870 2229 imbuat,
884 2165 916 2215 et
930 2149 1089 2213 informet.
1135 2147 1222 2222 Quid
1241 2171 1319 2233 ergo
1334 2148 1394 2212 im-

439 2248 605 2333 peditioris
618 2250 735 2335 linguae
748 2252 929 2326 homuncio,
943 2251 1075 2315 torrenti
1089 2263 1185 2314 tantae
1197 2250 1391 2333 eloquentiae

437 2353 658 2438 respondebo?
689 2355 779 2418 Licet
795 2368 901 2416 autem
919 2374 1071 2438 nequeam
1088 2352 1129 2415 dc
1149 2352 1217 2438 pari
1232 2352 1391 2426 resistere,

437 2469 542 2517 tamen
559 2455 677 2540 quibus
693 2479 743 2519 me
758 2454 916 2517 immerito
927 2453 1069 2517 inustum
1086 2452 1317 2538 perstrinxeris,
1331 2452 1390 2516 im-

436 2577 523 2639 pune
545 2555 627 2618 forte
650 2576 832 2640 percurrere
856 2553 962 2616 licebit
982 2553 1075 2615 venia
1096 2552 1275 2637 impetrata.
1321 2555 1390 2617 Ac·

437 2679 528 2720 cnsas
542 2656 651 2743 itaque
674 2658 918 2721 diuturnitatem
943 2656 1058 2720 silentii
1081 2657 1154 2733 mei,
1170 2678 1271 2719 nonne
1294 2654 1390 2732 silere

435 2761 556 2826 licitum
573 2765 643 2826 est?
673 2765 737 2826 imo
751 2775 783 2825 et
798 2762 924 2846 justum
940 2759 1026 2846 apud
1047 2757 1214 2846 sapientes,
1230 2772 1259 2823 et
1276 2760 1389 2822 facun-

435 2861 503 2942 dos,
518 2887 590 2926 eum
615 2864 670 2948 qui
685 2862 895 2948 impeditioris
919 2861 1035 2944 linguae
1050 2875 1109 2938 est,
1125 2875 1157 2925 et
1179 2862 1276 2925 animi
1291 2862 1386 2926 obtu-

435 2965 533 3028 sioris.
579 2965 689 3027 Nonne
705 2968 731 3028 si
745 2961 946 3048 frequentius
960 2963 1111 3047 loquatur
1126 2975 1183 3027 ειη
1197 2964 1327 3041 scribat,
1343 2965 1386 3027 ad

435 3067 503 3129 haec
520 3065 624 3129 minus
639 3065 780 3144 idonens,
796 3089 886 3129 snam
900 3065 1105 3148 ignominiam
1126 3065 1314 3147 denudabit,
1328 3082 1388 3144 aut

433 3167 659 3252 perpetuabit?
683 3170 860 3230 Transeunt
876 3167 959 3229 enim
976 3190 1050 3252 quae
1065 3167 1225 3242 dicuntur,
1238 3169 1293 3232 sed
1310 3193 1386 3254 quae

433 3269 551 3352 scripta
566 3280 639 3330 sunt
655 3281 851 3352 permanent.
897 3266 964 3340 Qui
983 3283 1088 3333 tamen
1105 3283 1136 3334 te
1158 3270 1227 3355 ipso
1250 3274 1385 3336 tacitur-

433 3369 502 3429 nior
529 3368 649 3442 vide0r‚
678 3368 747 3448 tibi,
769 3371 825 3454 qui
852 3371 1004 3435 scribenti
1030 3372 1169 3436 rescribo
1196 3394 1330 3457 semper,
1353 3389 1386 3440 et

433 3469 591 3533 interdum
607 3469 725 3556 scripto
748 3472 906 3556 praevenio
923 3486 951 3536 te
967 3471 1167 3559 scripturum.
1215 3474 1277 3537 Sed
1300 3477 1385 3540 forte

431 3567 581 3633 illiterata
595 3571 691 3634 facies
706 3571 895 3646 litterarum,
912 3584 945 3635 et
967 3573 1064 3636 aridae
1080 3573 1198 3658 linguae
1220 3575 1307 3638 color
1328 3599 1384 3642 ex-

431 3673 557 3756 anguis,
584 3672 840 3759 scripturientem
866 3693 923 3739 aut
949 3675 1171 3741 dicturientem
1197 3678 1384 3763 exprimunt

432 3777 539 3861 potius
551 3800 646 3862 quarn
660 3778 846 3842 scribentem
858 3777 991 3863 aliquid,
1003 3791 1059 3841 aut
1071 3776 1238 3842 dicentem.
1276 3784 1383 3848 Recte

431 3879 561 3961 quidem
577 3881 620 3942 sic
636 3880 725 3943 dicor
746 3877 883 3965 elinguis
898 3893 956 3944 aut
978 3892 1096 3954 mutus,
1114 3903 1214 3965 quum
1231 3894 1261 3944 et
1287 3882 1383 3947 simili

432 3982 600 4043 verborum
617 3983 774 4046 schemate
794 3981 875 4045 male
890 3982 1027 4046 formata
1050 3982 1163 4047 mulier
1185 3981 1312 4047 dicatur
1334 3986 1383 4048 in-

431 4079 553 4157 formis,
577 4096 609 4144 et
636 4082 751 4146 litterae
777 4107 851 4169 quae
878 4084 1043 4150 minimum
1071 4099 1195 4163 sonant,
1220 4100 1383 4152 mutarum

432 4182 557 4244 nomine
592 4197 787 4248 censeantur.
840 4187 999 4248 Caeterum
1039 4187 1266 4252 taciturnitatis
1304 4212 1384 4252 meae

431 4282 523 4344 aliam
547 4284 699 4367 exprimis
721 4308 858 4360 causam,
876 4302 988 4351 notans
1010 4288 1214 4375 supercilium
1238 4289 1385 4354 elationis

432 4406 519 4462 meae,
531 4384 588 4472 qui
605 4383 644 4446 de
661 4385 775 4447 throno
791 4388 965 4470 potestatis,
980 4414 1045 4474 qua
1061 4414 1109 4453 nie
1128 4392 1174 4453 uti
1187 4390 1292 4473 fingis,
1304 4392 1384 4455 ami·
