3667 5475
431 777 495 837 2³6
694 783 829 830 sossius
845 781 1122 828 ssaassamassrs
1289 770 1336 845 [a.
1353 785 1384 829 n.

433 940 651 1009 Christianum
665 957 730 1000 non
753 935 828 998 sinit
846 936 992 1016 obligari,
1006 945 1042 998 ut
1056 934 1183 999 scilicet
1197 938 1312 1001 amodo
1333 939 1386 1001 his

433 1062 514 1127 quos
539 1037 645 1103 odisse
671 1035 857 1106 decreverit,
881 1035 1073 1098 subtrahatis
1099 1034 1216 1100 debitae
1242 1038 1384 1101 caritatis

432 1143 547 1220 officia,
559 1152 591 1203 et
604 1138 802 1223 impugnetis
817 1158 938 1215 omnes,
951 1139 1063 1200 saltem
1075 1159 1137 1222 ope
1152 1141 1289 1217 consilii,
1300 1162 1385 1225 quos

433 1266 509 1309 suos
528 1240 645 1306 dixerit
667 1239 834 1303 inimicos:
865 1241 940 1302 etsi
964 1240 1056 1301 aliter
1079 1253 1208 1322 urgente
1231 1242 1385 1323 religione

433 1346 511 1410 fidei
537 1343 726 1407 Christianae
752 1341 867 1403 versati
894 1340 1015 1402 fueritis
1040 1361 1113 1403 cum
1139 1364 1188 1419 eo,
1213 1364 1281 1418 vos,
1301 1344 1387 1406 sicut

434 1458 554 1510 veteres
577 1444 709 1520 amicos,
724 1443 818 1504 beate
840 1442 1017 1516 consuevit,
1031 1452 1139 1506 notam
1164 1465 1229 1506 non
1253 1457 1385 1508 serrata

432 1547 597 1612 fidelitatis
608 1545 640 1606 in
652 1544 781 1607 auribus
792 1543 957 1605 nationum
969 1544 1106 1606 tentabit
1117 1544 1260 1608 inurere:
1285 1568 1305 1609 a
1319 1548 1386 1610 suis

433 1669 562 1735 quoque
576 1645 708 1709 locustis
722 1643 975 1706 conclamabitur
994 1644 1051 1719 illi,
1067 1657 1099 1707 et
1120 1667 1212 1709 ranas
1233 1648 1267 1710 in
1291 1669 1386 1712 coeno

434 1754 529 1825 soret,
546 1770 617 1833 quae
632 1748 726 1809 flatus
748 1746 798 1807 sui
819 1765 897 1828 pure
921 1745 1047 1827 impuro
1065 1768 1190 1810 omnem
1209 1748 1388 1814 incrustent

435 1852 659 1925 sinceritatem,
690 1858 722 1911 et
753 1846 1007 1931 juramentorum
1046 1847 1174 1912 fallacia
1211 1853 1388 1934 quemlibet

354 2016 359 2022 ,
435 1957 560 2037 nigrum
574 1952 609 2013 in
629 1949 768 2013 candida
782 1959 912 2011 vertant
958 1950 1040 2012 Haec
1064 1962 1139 2013 sunt
1160 1955 1306 2017 membra
1320 1975 1387 2018 car·

434 2058 523 2119 nium
538 2053 732 2117 cohaerentia
746 2051 819 2125 sibi,
834 2051 889 2113 ubi
907 2073 1074 2136 squamma
1095 2052 1237 2117 adhaeret
1258 2077 1385 2140 squam·

435 2178 507 2229 mae,
523 2164 559 2217 ut
572 2175 612 2215 ne
629 2153 757 2237 spiritus
771 2152 900 2235 quidem
915 2153 1044 2218 incedat
1057 2176 1115 2237 per
1133 2177 1200 2245 eas,
1215 2157 1273 2220 sed
1295 2160 1389 2222 liceat

436 2258 483 2321 eis
497 2254 584 2340 quod
599 2253 757 2316 voluerint
770 2253 904 2336 opinari,
919 2267 952 2318 et
967 2267 1003 2318 ut
1020 2257 1074 2340 qui
1089 2257 1122 2319 in
1138 2258 1287 2323 sordibus
1303 2272 1388 2335 sunt,

436 2357 623 2422 sordescant
644 2353 794 2437 amplius,
807 2355 1039 2438 impudicitiam
1062 2361 1178 2421 mentis
1199 2360 1389 2425 scurrilitate

437 2469 584 2543 gestuum
599 2467 632 2521 et
646 2456 710 2519 oris
724 2456 921 2539 turpiloquio
936 2469 1175 2542 praetextentur,
1187 2464 1263 2546 quia
1278 2463 1388 2527 Chris·

437 2563 523 2626 tiano
548 2559 667 2623 nedum
694 2557 851 2621 sacerdoti
880 2559 926 2620 nil
951 2560 1074 2623 licitum
1101 2573 1160 2638 est,
1187 2585 1230 2626 ex
1255 2566 1389 2629 obtentu

438 2662 611 2739 fidelitatis,
626 2661 682 2723 ubi
697 2661 812 2723 caritas
833 2661 1040 2743 periclitetur,
1055 2684 1126 2747 quae
1146 2666 1209 2727 vita
1231 2665 1307 2729 fidei
1329 2680 1389 2746 est,

437 2780 470 2831 et
495 2787 628 2849 operum
652 2764 832 2827 testimonio
861 2761 1048 2828 declaratur.
1103 2768 1187 2830 Nam
1213 2755 1295 2832 tides
1320 2771 1388 2833 sine

437 2859 587 2951 operibus
601 2878 725 2941 mortua
740 2875 795 2927 est.
841 2866 902 2928 Illa
924 2878 1030 2931 tamen
1047 2871 1223 2952 expressio,
1240 2893 1304 2954 qua
1327 2874 1389 2935 sibi

438 2981 470 3032 et
487 2968 667 3032 haeredibus
682 2967 747 3029 suis
762 2977 873 3029 contra
887 2988 998 3030 omnes
1020 2972 1168 3033 mortales
1191 2969 1297 3034 caveri
1314 2975 1390 3049 vult,

439 3072 549 3157 quanti
573 3070 614 3133 sit
635 3068 722 3152 apud
744 3090 829 3146 cum,
850 3090 894 3130 ex
916 3069 1028 3132 litteris
1054 3072 1225 3135 Teutonici
1250 3076 1389 3155 tyranni,

439 3195 519 3256 quas
534 3172 621 3234 misit
635 3171 676 3232 ad
692 3171 841 3232 comitem
858 3172 1036 3234 Henrioum
1049 3185 1080 3235 et
1095 3195 1175 3256 quas
1189 3177 1278 3238 vobis
1290 3188 1390 3239 trans·

438 3272 606 3344 misissem,
617 3269 678 3330 nisi
694 3270 769 3351 quia
782 3271 861 3332 mihi
877 3273 994 3353 elapsae
1010 3286 1094 3352 sunt,
1106 3274 1236 3338 domino
1249 3277 1391 3341 Cantus-

439 3372 534 3433 riensi
546 3370 747 3446 transmissae,
759 3373 964 3453 perspicuum
979 3388 1035 3438 est.
1074 3379 1158 3440 Nam
1175 3400 1271 3461 quum
1287 3378 1312 3438 J
1314 3401 1391 3442 oan-

438 3493 496 3534 nes
518 3470 558 3533 de
583 3471 775 3534 Oxeneford.
792 3473 922 3535 nomine
943 3476 1029 3556 regis
1051 3477 1231 3541 Teutonico
1253 3492 1390 3561 tyranno

439 3572 661 3657 'conjuraturus
676 3587 770 3648 esset,
786 3586 818 3636 et
832 3597 927 3657 opem
949 3577 1061 3640 auxilii
1084 3591 1116 3642 et
1136 3582 1262 3644 consilii
1287 3604 1391 3646 sacra-

439 3687 548 3741 mento
573 3676 769 3760 promitteret
795 3686 906 3739 contra
932 3699 1044 3742 omnes
1069 3682 1224 3762 homines,
1253 3697 1391 3768 excepto

439 3783 508 3844 solo
528 3800 601 3861 rege
618 3778 821 3852 Francomm,
838 3778 882 3840 ait
896 3778 1096 3844 Teutonicus
1119 3804 1176 3865 per
1191 3786 1391 3867 interpretem

333 3917 343 3930 ·
439 3904 544 3956 suum,
560 3881 644 3942 sicut
667 3890 857 3942 attestantur
881 3882 1001 3961 magni,
1021 3894 1054 3944 et
1077 3885 1180 3959 multi,
1197 3897 1229 3947 et
1251 3886 1391 3966 religiosi

439 3992 607 4052 nostrates,
620 3979 659 4041 de
670 3981 835 4060 provincia
847 3979 920 4042 dico
933 3982 1157 4067 Remensi,qui
1169 3987 1392 4050 interfuerunt:

439 4082 619 4144 Rollandus
643 4081 745 4143 hostis
760 4084 907 4145 ecclesiae
932 4095 963 4145 et
987 4084 1124 4168 imperii,
1140 4087 1237 4150 homo
1262 4088 1395 4170 quidem

439 4191 488 4244 est
502 4181 654 4256 mortalis,
669 4194 702 4243 et
716 4204 828 4246 omnes
843 4184 1021 4249 cardinales
1037 4189 1097 4259 sui,
1113 4198 1145 4250 et
1160 4187 1268 4252 nullus
1283 4212 1393 4254 eorum

440 4305 495 4347 rex
519 4283 713 4346 Francorum
730 4293 796 4346 est:
834 4286 921 4348 unde
947 4288 1070 4350 nullum
1087 4312 1194 4353 eorum
1220 4303 1395 4375 exceptum

439 4384 582 4464 intelligo
598 4403 657 4444 nec
674 4384 745 4444 volo
760 4383 895 4467 intelligi
911 4388 943 4450 in
969 4389 1030 4452 hac
1047 4390 1304 4455 confederatione
1331 4396 1395 4456 mei
