3667 5475
461 810 503 867 ab
717 820 856 865 Joxuurs
871 818 1152 864 sxnasnsnmums
1209 791 1215 801 ’
1321 804 1372 878 [s.
1390 822 1421 866 n.

464 986 496 1038 et
513 970 652 1035 Domino
666 983 795 1036 auctore
810 991 985 1055 numquam
1010 968 1216 1034 schismaticis
1231 970 1425 1039 adhaerebit,

464 1074 607 1138 Ecclesia
623 1095 698 1138 vero
715 1073 890 1148 Gallicana,
908 1072 990 1155 sicut
1006 1072 1096 1135 nobis
1112 1072 1252 1138 veridica
1266 1073 1424 1140 relatione

462 1174 613 1252 innotuit,
626 1175 743 1260 recepit
761 1174 976 1239 Alexandrum
989 1186 1021 1238 et
1037 1175 1079 1238 ab
1092 1175 1268 1239 Octaviano
1278 1178 1423 1241 recessit.

463 1277 557 1355 Quod
573 1289 680 1341 autem
696 1275 737 1339 ad
753 1274 927 1339 humanum
944 1286 1066 1359 spectat
1087 1297 1230 1353 examen,
1246 1275 1373 1342 meliori
1389 1290 1422 1343 et

462 1379 578 1443 saniori
590 1381 674 1463 parti
686 1376 814 1441 ridetur
825 1374 1007 1455 sdhaesisse,
1018 1398 1120 1462 quum
1135 1377 1283 1441 omnibus
1294 1390 1422 1446 constet

462 1480 548 1564 quod
581 1502 714 1567 persona
738 1478 914 1543 Alexandri
943 1476 1105 1542 honestior
1129 1491 1187 1553 est,
1214 1479 1422 1565 prudentior,

461 1579 642 1660 litteratior,
654 1580 866 1668 eloquentior:
889 1596 922 1643 et
934 1602 1028 1644 causa
1043 1582 1113 1666 ejus
1127 1580 1169 1645 ab
1183 1581 1334 1647 omnibus
1343 1582 1420 1649 inde

460 1686 661 1750 venientibus
671 1684 822 1749 sincerior
835 1696 865 1747 et
874 1683 995 1767 justior
1008 1683 1216 1769 praedicetur.
1244 1686 1290 1749 Et
1302 1708 1418 1772 quam·

460 1787 507 1852 vis
533 1790 680 1853 neutrius
709 1787 834 1849 illorum
862 1785 969 1849 adhuc
995 1786 1145 1850 nuntium
1174 1798 1231 1851 aut
1258 1788 1415 1873 scriptum

459 1889 643 1969 viderimus,
669 1888 784 1952 scimus
813 1899 918 1951 tamen
949 1887 1026 1972 quia
1055 1910 1163 1953 omnes
1193 1899 1364 1963 nostrates,
1391 1890 1419 1954 si

458 2004 563 2054 vester
588 2010 759 2052 consensus
781 1986 922 2065 affuerit,
945 1987 1108 2076 proniores
1130 1987 1431 2090 ⁸HDQQQ

458 2089 641 2174 Alexandri
666 2088 856 2154 Audivimus
877 2104 983 2154 autem
1005 2089 1092 2176 qnod
1115 2089 1286 2175 imperator
1301 2113 1359 2156 vos
1380 2090 1415 2160 in

433 2167 766 2275 ''partffictaviani
790 2190 915 2253 trahere
938 2204 1088 2255 conetur:
1120 2190 1175 2255 sed
1198 2191 1292 2271 absit,
1314 2204 1353 2254 ut
1379 2191 1414 2256 in

457 2305 548 2357 tanto
563 2291 703 2377 periculo
717 2290 856 2355 ecclesiae
876 2312 937 2377 pro
952 2314 1056 2356 amore
1071 2292 1121 2356 vel
1141 2294 1260 2357 honore
1275 2292 1415 2358 hominis

457 2395 579 2458 faciatis
595 2395 654 2457 nisi
666 2391 752 2478 quod
768 2393 967 2458 credideritis
984 2395 1121 2458 Domino
1137 2394 1341 2480 placiturum,
1355 2419 1414 2460 nec

456 2494 546 2559 decet
579 2496 774 2581 majestatem
805 2509 954 2575 vestram,
977 2495 1001 2558 si
1024 2495 1139 2582 placet,
1163 2506 1199 2559 ut
1230 2498 1414 2562 inconsulta

455 2595 584 2660 ecclesia
599 2594 688 2682 regni
704 2595 798 2660 vestri
814 2595 1034 2683 superponatis
1045 2597 1074 2659 ei
1090 2595 1259 2677 hominem,
1271 2598 1327 2684 qui
1344 2600 1412 2663 sine

454 2696 614 2776 electione,
626 2711 658 2764 et
674 2712 710 2764 ut
726 2697 854 2784 publice
869 2696 999 2778 dicitur,
1011 2698 1077 2762 sine
1092 2698 1196 2784 gratia
1206 2699 1336 2764 Domini
1352 2722 1412 2789 per

452 2801 592 2866 favorem
616 2816 647 2866 et
676 2803 746 2867 vim
761 2801 962 2886 imperatoris
985 2814 1110 2865 tautum
1135 2800 1285 2865 honorem
1307 2826 1411 2882 ausus

453 2915 501 2966 est
526 2927 691 2988 occupare.
739 2903 821 2965 Nam
845 2901 1013 2993 letales?
1042 2901 1173 2966 ecclesia
1202 2900 1431 2997 [ἶοῐηειηειώξῃ.ν

440 3018 544 3097 ¹parte
562 3003 735 3068 Alexandri
752 3016 808 3067 est.
834 3004 1026 3068 Incredibile
1037 3015 1144 3068 autem
1160 3017 1218 3085 est,
1229 2988 1410 3093 quod‘pars

452 3085 802 3192 ittaffiffliffnssfs
825 3119 856 3170 et
888 3106 1059 3190 praevalere
1086 3131 1143 3193 per
1167 3107 1327 3174 hominem
1355 3109 1409 3174 cui

399 3269 401 3273 .
448 3208 576 3293 justitia
595 3208 694 3283 deest,
710 3205 761 3270 cui
785 3207 944 3272 Dominus
966 3209 1172 3276 adversatur:
1203 3234 1256 3275 eos
1276 3234 1355 3276 vero
1373 3213 1407 3278 in

451 3310 565 3372 humili
587 3331 660 3371 casu
686 3308 898 3394 praevaluisse,
920 3316 1030 3375 crebra
1053 3313 1220 3378 recolimus
1241 3314 1408 3394 relatione,

452 3433 533 3495 quos
557 3411 722 3475 Gallicana
745 3412 860 3497 recepit
877 3427 908 3477 et
932 3412 1012 3477 fovit
1035 3414 1176 3491 ecclesia,
1192 3428 1222 3478 et
1246 3413 1407 3483 infelicem

451 3508 572 3574 exitum
596 3533 705 3575 eorum
729 3535 811 3598 quos
828 3513 1028 3577 'santonicus
1051 3513 1190 3601 impetus
1213 3513 1408 3581 introduxit.

452 3612 504 3677 Sic
529 3614 736 3680 obtinuerunt
760 3616 959 3700 temporibus
981 3618 1098 3680 nostris
1122 3618 1327 3682 Innocentius
1350 3619 1407 3683 ad-

448 3738 558 3781 versus
570 3720 710 3792 Petrum,
722 3715 870 3780 Calixtus
881 3718 1035 3781 adversus
1049 3719 1240 3795 Burdinum,
1252 3720 1407 3785 Urbanus

447 3812 1404 3905 adversusWibertum,paschalisadversustreS,All›ertum‚

446 3918 1403 4005 Maginulfum,Tlreodoricum,etmnltisimiliteriudiebus

447 4034 584 4105 patrum.
630 4022 732 4085 Nobis
751 4043 827 4103 ergo
847 4023 1013 4106 provideat
1034 4023 1180 4108 dignatio
1199 4036 1315 4100 vestra,
1332 4046 1402 4090 ves-

446 4137 595 4207 trumque
624 4122 654 4184 in
682 4137 803 4207 partem
834 4123 919 4187 illam
949 4127 1039 4190 Deus
1068 4126 1197 4191 inclinet
1224 4149 1401 4206 assensum,

446 4245 519 4308 quae
534 4222 670 4309 justitiae
690 4236 723 4286 et
745 4223 868 4288 veritati
884 4225 1043 4305 innititur,
1060 4244 1091 4293 et
1109 4227 1238 4292 Christo
1255 4228 1401 4314 propitio

311 4385 320 4405 ,
355 4340 360 4346 “
443 4324 667 4413 triumphabit,
694 4340 726 4390 et
756 4327 782 4390 si
814 4327 904 4391 vobis
931 4328 1045 4412 placet,
1071 4331 1102 4395 in
1134 4343 1224 4396 tanto
1255 4331 1401 4417 periculo

442 4431 538 4497 totius
564 4427 702 4494 ecclesiae
725 4429 866 4506 Domini,
892 4432 1047 4498 utendum
1075 4446 1121 4499 est
1150 4433 1239 4498 vobis
1266 4435 1400 4500 consilio
