3667 5475
443 772 506 836 980
703 787 840 831 soranis
854 784 1133 831 sanasunnrsusm
1304 772 1349 845 [r.
1365 786 1393 831 n.

444 1073 664 1144 hersToLA
708 1079 999 1142 CLXXVIL-sn
1032 1095 1300 1141 THESAURARIUM
1338 1095 1394 1141 aa·

712 1198 864 1244 uersum.
912 1180 1120 1261 [n.n.1166.]

722 1336 944 1401 Thesaururio
960 1326 1122 1403 Rerum

486 1462 623 1536 Vasruo
645 1472 784 1546 mallem,
807 1471 833 1534 si
857 1493 930 1535 cum
954 1472 1119 1555 utriusque
1143 1481 1287 1535 nostrum
1311 1494 1394 1537 com·

442 1574 596 1637 moditate
612 1572 682 1635 fieri
698 1581 816 1655 posset,
838 1571 1018 1635 desiderato
1034 1572 1091 1634 frui
1108 1572 1282 1655 colloquio,
1299 1595 1392 1657 quam

444 1695 482 1737 ea
501 1694 573 1757 quae
593 1682 626 1734 et
644 1692 696 1734 me
718 1669 839 1733 dixisse
856 1662 982 1754 justum
1002 1682 1062 1744 est,
1078 1680 1110 1732 et
1131 1692 1187 1733 vos
1207 1671 1393 1751 diligentius

443 1772 553 1837 audire
590 1768 733 1853 expedit,
774 1769 926 1831 chartulae
970 1767 1207 1845 commendare,
1245 1791 1317 1853 quae
1361 1770 1393 1833 id

444 1875 548 1938 solum
571 1870 732 1955 eloquitur
752 1867 839 1953 quod
860 1868 907 1931 illi
931 1868 1087 1932 creditum
1110 1878 1175 1931 estc
1209 1890 1270 1934 nec
1293 1870 1337 1934 ad
1358 1892 1393 1935 ea

440 1996 516 2059 quae
537 1974 623 2037 iuter
643 1971 764 2035 amicos
789 1969 908 2032 utiliter
931 1968 1109 2032 adinvicem
1133 1980 1392 2055 proponerentur,

442 2073 610 2139 commode
627 2068 786 2135 dilatatur.
824 2070 984 2135 Caeterum
1001 2070 1063 2134 hoc
1079 2070 1273 2135 desiderium
1288 2095 1390 2137 meum

443 2186 510 2237 turn
536 2172 762 2256 multiplicium
791 2181 824 2233 et
852 2171 1084 2234 inevitabilium
1115 2174 1316 2253 negotiorum
1345 2175 1391 2237 iu·

441 2274 567 2349 stantia,
581 2282 649 2335 tum
670 2272 867 2353 aliquantula
886 2273 1028 2354 corporis
1043 2273 1105 2335 mei
1125 2271 1296 2338 infirmitas
1316 2289 1391 2358 prte-

441 2370 585 2457 pediunt,
610 2381 647 2434 ut
668 2371 766 2433 scribi
788 2392 923 2435 necesse
945 2374 986 2435 sit
1008 2371 1094 2456 quod
1116 2372 1180 2436 dici
1208 2376 1316 2454 potius
1338 2397 1391 2438 ex·

440 2470 575 2555 pediret.
634 2469 821 2534 Meminerit
856 2471 965 2552 itaque
1004 2472 1164 2534 Dominus
1200 2484 1232 2535 et
1270 2474 1391 2537 amicus

439 2592 541 2650 meus,
576 2567 737 2654 quoniam,
766 2582 802 2634 ut
834 2571 879 2634 eit
913 2582 1028 2647 orator,
1059 2572 1174 2635 Primo
1206 2573 1312 2655 decipi
1342 2576 1389 2637 in·

362 2750 367 2760 ι
438 2672 630 2736 commodam
645 2678 702 2747 est,
717 2672 856 2746 meando
869 2672 1019 2751 stultum,
1034 2676 1129 2737 tertio
1142 2680 1244 2757 turpe.
1288 2678 1390 2741 Doleo

438 2775 568 2859 quidem
590 2774 764 2855 contigisse
787 2775 875 2856 quod
902 2775 944 2837 ad
970 2777 1155 2839 memoriam
1181 2788 1319 2841 vestram
1343 2800 1390 2840 re-

438 2877 555 2940 ducere
578 2897 710 2939 necesse
733 2887 800 2952 est3
826 2876 903 2958 quia
926 2898 982 2939 vos
1005 2879 1103 2939 semel
1127 2878 1234 2961 decipi
1257 2882 1391 2962 contigit

437 2977 471 3038 ln
486 2975 701 3039 matricularia
714 2974 755 3037 ad
770 2974 1022 3049 incommodum,
1039 2977 1179 3039 secundo
1195 2975 1228 3040 in
1245 2977 1389 3043 cessione

437 3070 618 3158 praebeudae
649 3074 847 3151 Parisieusis,
877 3075 918 3136 ad
947 3096 1092 3148 errorem,
1116 3097 1176 3138 nec
1203 3077 1243 3139 dc
1275 3089 1388 3142 caetero

438 3177 525 3238 omni
548 3176 672 3256 spiritui
695 3175 921 3258 adquiescatis,
936 3188 972 3239 ut
993 3178 1025 3238 iu
1048 3177 1306 3242 subthesauraria
1328 3180 1389 3243 dis-

436 3275 585 3359 ponenda
600 3274 731 3354 turpiter
747 3275 961 3358 decipiamini.
1011 3279 1071 3341 Est
1086 3290 1190 3340 autem
1208 3280 1256 3341 vir
1270 3283 1388 3363 probus

437 3373 625 3436 Laurentius
652 3375 889 3438 concanonicus
913 3391 1025 3456 vester,
1055 3380 1107 3442 cui
1136 3401 1206 3442 eam
1238 3379 1388 3444 dominus

436 3474 696 3557 archiepiscopus
712 3474 788 3537 dare
804 3475 973 3561 disposuit,
986 3490 1019 3542 et
1034 3481 1163 3563 majore,
1180 3481 1205 3543 si
1222 3493 1387 3545 vocaretur

435 3598 453 3639 a
483 3573 633 3652 Domine,
662 3585 695 3636 et
726 3575 802 3637 vitio
829 3577 1014 3641 ambitionis
1043 3592 1238 3662 purgaretur,
1270 3582 1387 3662 diguus

435 3679 565 3740 honore.
625 3678 690 3740 Sed
719 3678 867 3760 nunquid
897 3681 988 3743 vobis
1018 3682 1182 3759 conducit,
1212 3693 1243 3745 et
1273 3683 1386 3746 honori

434 3794 549 3858 vestro,
569 3792 604 3843 ut
626 3780 746 3843 domini
767 3782 861 3844 vestri
885 3784 1098 3846 collateralem
1123 3786 1248 3867 eligatis
1270 3787 1306 3849 iu
1328 3789 1385 3849 mi-

433 3881 597 3944 nisterium
610 3893 759 3955 vestrum,
768 3881 866 3942 immo
879 3883 995 3945 intrudi
1009 3885 1184 3966 patiamini,
1196 3898 1308 3951 utnon
1321 3900 1384 3951 tatu

433 3981 525 4041 robis
537 4001 632 4060 quam
649 3981 738 4043 alteri
754 3981 870 4043 debeat
883 3982 971 4064 quod
983 3982 1193 4046 ministrabit?
1218 3987 1384 4070 Numquid

432 4078 473 4140 de
502 4079 696 4139 thesaurario
723 4081 996 4142 subthesaurarius
1024 4102 1094 4142 esse
1121 4083 1243 4146 vultis?
1275 4106 1384 4146 nonne

431 4177 530 4241 satius
560 4188 608 4237 est
630 4199 685 4238 vos
708 4180 890 4241 officialium
915 4195 1086 4243 vestrorum
1110 4204 1180 4245 esse
1204 4187 1383 4261 custodem,

415 4298 528 4362 quam
559 4277 649 4337 vobis
678 4287 710 4338 et
739 4278 802 4339 illis
829 4300 903 4341 cum
927 4282 1189 4346 incommoditate
1212 4287 1384 4349 custodem·

430 4380 528 4444 alium
544 4376 714 4459 deputari?
739 4379 806 4440 Vos
822 4379 861 4442 de
885 4392 1000 4445 caetero
1016 4383 1122 4446 videte
1144 4385 1221 4467 quid
1240 4387 1382 4467 egeritis,
