3667 5475
431 801 496 860 290
692 806 1125 855 soasurssasasssnrsnsrs
1295 793 1384 873 [aa.

437 986 510 1046 rege
525 974 557 1028 et
577 964 673 1027 serris
695 963 786 1027 suis?
816 961 871 1024 llli
892 971 1009 1039 tamon,
1025 962 1086 1023 etsi
1109 961 1234 1044 queruli
1254 974 1286 1026 et
1308 983 1389 1026 mur-

436 1076 620 1141 muratores,
636 1077 741 1130 tamen
757 1064 884 1147 sequuti
900 1075 975 1127 suut
997 1064 1157 1145 Moysem.
1201 1065 1248 1127 Et
1268 1066 1390 1130 utinam

436 1168 470 1231 bi
483 1168 539 1251 qui
552 1167 647 1232 modo
659 1175 835 1252 queruntur
845 1178 877 1229 et
888 1174 1096 1240 murmurant,
1108 1166 1242 1229 Domini
1254 1187 1390 1251 sequan-

434 1281 486 1334 tur
500 1271 614 1352 legem.
660 1268 755 1343 Quod
771 1269 797 1332 si
812 1268 958 1346 iecerint,
973 1267 1167 1331 convenient
1179 1268 1259 1331 hino
1274 1290 1390 1351 regem,

436 1369 512 1433 iude
541 1369 831 1453 archiepiscopum,
860 1378 893 1430 et
932 1388 1027 1450 quem
1056 1368 1088 1429 in
1118 1366 1216 1449 culpa
1244 1368 1391 1448 viderint,

435 1473 541 1555 palam
562 1483 709 1553 arguent,
730 1481 762 1533 et
785 1491 803 1532 e
827 1467 953 1531 diverso
977 1468 1107 1532 stabunt
1133 1488 1194 1530 nec
1222 1490 1389 1545 consensu,

436 1584 491 1636 aut
516 1573 768 1637 dissimulatione
794 1566 907 1633 alienae
937 1570 1126 1652 iniquitatis,
1153 1572 1389 1635 contactu-im·

436 1674 602 1739 munditiae
617 1675 812 1758 polluentur.

476 1911 696 1977 EPISTOLA
719 1907 993 1974 CLXXIX-an
1007 1924 1184 1970 srcrrmnu
1200 1924 1366 1971 scarnen.

724 2029 827 2075 soon.
875 2008 920 2088 [r.
937 2028 968 2071 n.
987 2008 1097 2089 rme]

740 2158 883 2222 Ricordo
888 2157 1000 2235 fratri
1013 2178 1081 2224 sun.

480 2290 521 2351 ΙΝ
536 2299 578 2365 te,
592 2287 733 2350 omnium
749 2286 972 2348 moriturorum
989 2285 1182 2366 dulcissime,
1192 2289 1293 2372 plane
1307 2288 1390 2352 ride·

435 2393 496 2454 bor
509 2389 653 2473 injurius,
669 2389 697 2452 si
712 2388 864 2471 cuiquam
879 2408 898 2450 a
917 2388 1175 2471 peregrinatione
1196 2411 1271 2454 mea
1294 2390 1391 2474 scrip-

436 2514 517 2567 sero,
549 2492 713 2556 subticens
742 2490 812 2567 tibi,
841 2510 935 2573 quem
967 2508 1063 2572 super
1092 2501 1176 2556 statu
1206 2512 1290 2569 meo,
1319 2511 1389 2555 cum

436 2595 580 2658 Domino
600 2592 730 2656 amabili
752 2602 853 2654 matre
875 2604 997 2669 nostra,
1011 2612 1078 2653 non
1097 2593 1228 2675 ambigo
1243 2613 1309 2677 prm
1331 2612 1390 2656 car·

435 2698 513 2762 teris
536 2696 724 2760 mortalibus
746 2715 815 2758 esse
842 2693 1025 2757 sollicitum.
1072 2693 1164 2757 Licet
1184 2696 1271 2760 enim
1294 2695 1390 2758 inter·

435 2799 511 2863 dum
540 2796 623 2860 desit
648 2795 779 2859 materia
805 2796 854 2856 rel
885 2795 1015 2857 occasio
1046 2794 1302 2875 scribendorum,
1327 2796 1388 2859 hoc

436 2901 540 2985 ipsum
563 2898 624 2962 tibi
653 2896 858 2960 scribendum
890 2895 1034 2973 arbitror,
1057 2896 1218 2958 scribendi
1248 2897 1391 2961 occasio-

435 3025 510 3065 nem
539 3013 571 3065 et
598 3000 762 3063 materiam
792 2996 941 3060 defuisse.
996 2997 1092 3068 Quod
1122 3007 1228 3059 autem
1260 2998 1389 3061 domino

436 3105 592 3187 episcopo
631 3100 744 3183 scripsi
773 3099 833 3160 tibi
867 3100 986 3180 pariter
1015 3098 1205 3176 innotescet,
1235 3099 1323 3163 sicut
1356 3121 1391 3163 ea

438 3228 510 3287 quae
525 3204 583 3266 tibi
599 3203 819 3282 scriptumst,
835 3200 1008 3262 sinceritati
1025 3198 1093 3281 ejus
1114 3202 1234 3282 poteris
1253 3223 1391 3284 praesen-

437 3323 512 3367 tare.
558 3305 638 3364 Volo
661 3301 746 3361 enim
770 3312 805 3361 ut
828 3300 857 3362 ei
880 3301 914 3362 in
935 3302 1083 3363 omnibus
1106 3301 1298 3384 adquiescas
1321 3324 1390 3385 quae

437 3406 477 3468 ad
503 3416 532 3466 te
555 3402 771 3486 pertinebunt,
793 3413 825 3464 et
851 3403 1021 3465 consilium
1045 3402 1113 3486 ejus
1136 3405 1286 3487 praeferas
1309 3427 1391 3482 meo,

437 3520 505 3571 tum
519 3506 595 3589 quia
603 3504 699 3567 nobis
711 3491 885 3586 sapientior
895 3516 954 3580 est,
964 3518 1031 3567 tum
1042 3506 1118 3586 quia
1129 3528 1201 3568 erun
1213 3501 1391 3570 uberiorem

437 3612 568 3693 gratiam
590 3607 721 3669 Domini
740 3607 858 3668 habere
883 3606 1023 3684 confid0,
1039 3620 1070 3668 et
1089 3629 1149 3669 nos
1170 3630 1252 3690 quos
1268 3629 1392 3692 semper

437 3713 550 3775 dilexit
565 3708 695 3773 caritate
710 3708 845 3783 sincera,
855 3708 938 3769 sicut
954 3709 1151 3787 auctoritate,
1162 3710 1206 3772 sic
1224 3720 1256 3772 et
1272 3711 1390 3773 meritis

436 3812 605 3878 antecedit.
652 3809 745 3882 Quod
773 3819 879 3870 autem
904 3810 933 3871 ei
958 3810 1164 3873 scribendum
1191 3812 1303 3886 fuerat,
1322 3812 1390 3889 ‚nisi

437 3914 616 3980 deficientis
652 3911 818 3995 protocolli
856 3912 993 3974 brevitas
1031 3913 1218 3988 obstitisset,
1252 3914 1284 3976 ei
1321 3935 1390 3976 meo

436 4018 564 4077 nomine
586 4013 712 4077 suaderi
736 4012 895 4086 desidero,
912 4025 944 4076 et
961 4014 1080 4075 utinam
1102 4014 1239 4097 Spiritus
1261 4027 1391 4078 sanctus

435 4113 636 4197 persuadeat,
666 4112 721 4195 qui
758 4114 791 4174 in
828 4115 1028 4177 necessitatis
1063 4116 1196 4178 articulo
1226 4126 1390 4198 sperantes

435 4217 468 4278 in
486 4236 530 4290 se,
545 4213 658 4274 solatio
674 4214 801 4277 consilii
823 4216 993 4278 destitutos
1014 4237 1165 4279 essenon
1182 4213 1283 4278 sinit.'
1314 4218 1388 4278 Hoc

434 4327 540 4382 autem
556 4322 616 4388 est,
631 4325 667 4374 ut
688 4312 720 4374 in
744 4314 805 4376 hoc
828 4318 981 4380 conflictu
1004 4320 1173 4401 potestatis
1195 4329 1228 4382 ct
1244 4318 1330 4402 juris
1353 4339 1390 4380 ea

434 4415 651 4484 moderatione
663 4415 803 4493 incedat,
814 4418 931 4499 praevia
942 4419 1025 4499 lege,
1037 4419 1119 4483 duce
1133 4421 1244 4500 gratia,
1256 4420 1389 4503 juvante
