3667 5475
452 796 494 855 ³8
720 810 857 854 rosuurs
873 809 1153 854 sanessenreusrs
1319 793 1367 873 [s.
1388 810 1421 855 u.

495 1122 714 1186 EPtSTOLn
742 1123 987 1190 xxxvl-an
1002 1139 1233 1184 aususausus
1251 1140 1376 1186 amau.

460 1294 735 1359 Eauellentissimo
749 1293 914 1357 deminuet
928 1297 1020 1376 putri
1035 1294 1073 1358 Α.
1087 1294 1152 1359 Dei
1162 1300 1278 1378 gratio
1295 1319 1424 1363 summo

500 1399 645 1483 pontifici
664 1395 950 1461 monuerant.
974 1394 1109 1460 ecclesie
1126 1398 1271 1461 minister
1285 1399 1424 1464 humilia

504 1502 540 1566 S.
556 1510 587 1565 et
605 1501 642 1564 0.
660 1500 696 1565 S.
713 1497 774 1563 Do.

504 1672 721 1733 Arosronrcu
733 1664 818 1730 sedis
827 1664 976 1729 mandata
988 1663 1045 1727 ntii
1057 1664 1241 1731 obedientes
1252 1687 1424 1755 exequun-

461 1781 533 1834 tur:
564 1766 621 1855 qui
644 1768 689 1832 eis
711 1767 920 1841 reluctantur,
943 1777 1066 1831 constat
1094 1766 1307 1833 damnationis
1328 1770 1362 1834 in
1388 1795 1423 1835 se

460 1888 632 1951 provocare
647 1866 846 1931 seutentiam.
893 1868 963 1929 Nos
986 1879 1095 1929 autem
1120 1866 1160 1929 ab
1175 1866 1267 1931 initio
1290 1890 1424 1954 promo·

462 1970 690 2047 tionisrestrae‚
699 1965 859 2030 interdum
869 1988 941 2030 cum
953 1966 1064 2030 salutis
1074 1967 1214 2054 ritoeque
1223 1967 1421 2049 discrimine,

461 2070 576 2135 summi
608 2067 765 2155 pontificis
794 2068 968 2155 amplexati
993 2090 1106 2133 sumus
1131 2069 1357 2149 obedientiam,
1385 2086 1422 2140 et

461 2185 631 2258 antequam
648 2192 705 2233 nos
717 2170 904 2233 innocentiae
915 2170 1033 2233 crimen
1047 2170 1192 2250 subruat,
1202 2168 1424 2240 desideramus

463 2275 530 2339 vita
555 2274 689 2360 luceque
714 2272 844 2358 privari.
891 2273 938 2337 Et
964 2293 1020 2336 vos
1041 2273 1184 2357 quidem,
1210 2275 1236 2339 si
1259 2277 1422 2341 reminisci

462 2375 578 2464 placet,
604 2372 794 2438 obedientiae
819 2384 937 2436 nostrae
967 2386 1117 2459 prompta
1145 2373 1268 2439 habetis
1294 2379 1424 2463 experi.

463 2492 580 2543 menta.
625 2474 707 2539 Nam
733 2473 933 2539 decessorum
959 2486 1137 2538 vestrorum
1160 2488 1313 2561 tempore,
1341 2490 1423 2544 nau.

464 2579 613 2663 fragium,
648 2577 753 2652 exilia,
784 2576 974 2653 nuditatem,
1003 2574 1145 2660 pericula
1178 2578 1301 2657 mortis,
1334 2578 1422 2647 sieut

463 2679 593 2746 ecclesia
607 2678 735 2747 Domini
747 2678 848 2756 novit,
864 2699 923 2764 pro
938 2676 1001 2740 lide
1017 2691 1135 2743 sanctae
1152 2679 1305 2745 Romanoe
1320 2682 1423 2748 eccle-

463 2784 518 2849 siae
543 2806 605 2848 non
632 2780 896 2866 subterfugimus,
920 2779 974 2844 sed
1006 2801 1045 2843 ex
1072 2779 1206 2845 adverso
1235 2783 1421 2870 principum

464 2884 621 2959 stetimus,
637 2883 752 2969 parati,
767 2882 791 2946 si
813 2902 895 2965 opus
913 2892 1005 2955 esset,
1020 2901 1080 2964 pro
1099 2881 1308 2948 indemnitate
1322 2885 1423 2949 eccle·

463 2985 518 3049 sioe
533 2983 698 3069 proprium
715 2980 900 3064 sanguinem
924 2979 1097 3042 immolare.
1144 2980 1265 3044 Vestris
1285 2982 1420 3065 quidem

463 3083 676 3149 creditoribus
687 3083 764 3145 satis
772 3080 916 3153 fecimus,
926 3093 959 3144 et
970 3103 1049 3145 onus
1058 3092 1200 3145 vestrum
1212 3081 1421 3150 libentissime

462 3185 684 3252 transtulimus
699 3183 730 3246 iu
747 3182 897 3245 humeros
911 3195 1045 3248 nostros.
1082 3185 1175 3246 Nunc
1191 3184 1321 3248 demum
1337 3207 1420 3253 onus

461 3300 604 3351 vestrum
621 3283 729 3371 potius
745 3295 919 3368 portamus,
934 3307 1031 3369 quam
1055 3297 1211 3365 nostrum,
1225 3304 1263 3350 eo
1286 3288 1419 3372 quidem

461 3387 603 3473 gravius,
631 3409 707 3472 quo,
730 3386 790 3449 nisi
820 3385 1036 3472 provideritis,
1061 3409 1123 3451 nou
1154 3386 1250 3450 modo
1277 3401 1418 3456 vestram

462 3489 584 3554 minuet
595 3487 887 3569 auctoritatem,sed
896 3490 1032 3552 Romani
1043 3486 1306 3574 pontificis,qu0d
1316 3491 1421 3576 magis

462 3611 618 3669 veremur,
629 3588 762 3674 gloriam
778 3587 967 3655 adnullabit.
1001 3589 1033 3653 Si
1050 3589 1181 3675 quidem
1195 3589 1324 3654 latorem
1337 3610 1420 3676 prae-

461 3692 597 3759 sentium
615 3695 787 3778 Hugonem
804 3690 929 3755 fidelem
950 3703 1102 3771 vestrum,
1113 3692 1213 3777 juxta
1228 3691 1417 3756 mandatum

461 3815 614 3872 vestrum,
637 3793 784 3879 exigente
809 3791 1008 3857 contumacia
1035 3790 1157 3856 domini
1183 3790 1417 3858 Londoniensis

428 3887 436 3923 '¹
461 3897 634 3982 praebenda
650 3894 881 3959 Londoniensis
897 3892 1035 3957 ecclesiae
1050 3891 1278 3957 investivimus.
1324 3893 1420 3978 Epis-

460 4018 559 4082 copus
573 4009 676 4060 tamen
690 4018 751 4059 nou
768 3994 862 4059 modo
877 3995 1004 4071 nostris,
1018 3994 1072 4059 sed
1082 3992 1263 4079 apostolicis
1274 3993 1417 4060 decrevit

461 4097 589 4160 obviare
615 4094 780 4159 mandatis.
826 4100 891 4161 Vos
916 4095 1037 4181 itaque,
1058 4098 1091 4160 ‘si
1120 4095 1236 4181 placet,
1263 4096 1417 4161 honorem

462 4208 602 4259 vestrum
626 4194 801 4269 servabitis,
817 4210 849 4259 et
872 4195 986 4260 faciem
1007 4210 1146 4261 nostram
1168 4220 1207 4260 ex
1227 4219 1323 4260 causa
1342 4198 1418 4262 obe-

460 4296 588 4361 dientiae
618 4295 769 4359 confundi
803 4318 865 4359 non
895 4296 1070 4380 patiemini.
1126 4300 1207 4362 Nam
1241 4298 1296 4384 qui
1329 4299 1415 4362 sedis

426 4417 429 4457 ς
460 4397 639 4489 apostolicae
664 4397 837 4461 contemnit
865 4398 1017 4483 legatum,
1043 4423 1113 4463 eum
1138 4399 1275 4483 ,videtur
1304 4398 1416 4484 potius
