<?xml version="1.0" encoding="UTF-8"?>
<!DOCTYPE html PUBLIC "-//W3C//DTD XHTML 1.0 Transitional//EN"
    "http://www.w3.org/TR/xhtml1/DTD/xhtml1-transitional.dtd">
<html xmlns="http://www.w3.org/1999/xhtml" xml:lang="en" lang="en">
 <head>
  <title>
</title>
<meta http-equiv="Content-Type" content="text/html;charset=utf-8" />
  <meta name='ocr-system' content='tesseract 3.04.00' />
  <meta name='ocr-capabilities' content='ocr_page ocr_carea ocr_par ocr_line ocrx_word'/>
</head>
<body>
  <div class='ocr_page' id='page_1' title='image "./operaomnianuncp03johngoog_0244.png"; bbox 0 0 3667 5475; ppageno 0'>
   <div class='ocr_carea' id='block_1_1' title="bbox 429 678 1387 822">
    <p class='ocr_par' dir='ltr' id='par_1_1' title="bbox 429 678 1387 822">
     <span class='ocr_line' id='line_1_1' title="bbox 828 678 845 721; baseline 0 0"><span class='ocrx_word' id='word_1_1' title='bbox 828 678 845 721; x_wconf 73' lang='lat' dir='ltr'>t</span> 
     </span>
     <span class='ocr_line' id='line_1_2' title="bbox 429 740 1387 822; baseline -0.007 -10"><span class='ocrx_word' id='word_1_2' title='bbox 429 753 494 812; x_wconf 74' lang='lat'>224</span> <span class='ocrx_word' id='word_1_3' title='bbox 687 762 823 807; x_wconf 72' lang='lat' dir='ltr'>sossurs</span> <span class='ocrx_word' id='word_1_4' title='bbox 838 759 1118 806; x_wconf 78' lang='lat' dir='ltr'>sanasnaarausrs</span> <span class='ocrx_word' id='word_1_5' title='bbox 1291 740 1338 822; x_wconf 75' lang='lat' dir='ltr'>[s.</span> <span class='ocrx_word' id='word_1_6' title='bbox 1355 757 1387 806; x_wconf 89' lang='lat' dir='ltr'>n.</span> 
     </span>
    </p>
   </div>
   <div class='ocr_carea' id='block_1_2' title="bbox 431 912 1426 1200">
    <p class='ocr_par' dir='ltr' id='par_1_2' title="bbox 431 912 1426 1200">
     <span class='ocr_line' id='line_1_3' title="bbox 431 912 1426 998; baseline -0.004 -18"><span class='ocrx_word' id='word_1_7' title='bbox 431 929 486 981; x_wconf 89' lang='lat' dir='ltr'>aut</span> <span class='ocrx_word' id='word_1_8' title='bbox 494 915 796 998; x_wconf 86' lang='lat' dir='ltr'>archiepiscopatur,</span> <span class='ocrx_word' id='word_1_9' title='bbox 806 923 840 977; x_wconf 89' lang='lat' dir='ltr'>ut</span> <span class='ocrx_word' id='word_1_10' title='bbox 851 912 960 989; x_wconf 90' lang='lat' dir='ltr'>credo,</span> <span class='ocrx_word' id='word_1_11' title='bbox 970 922 1023 976; x_wconf 86' lang='lat' dir='ltr'>aut</span> <span class='ocrx_word' id='word_1_12' title='bbox 1032 912 1301 994; x_wconf 86' lang='lat' dir='ltr'>archiepiscopari</span> <span class='ocrx_word' id='word_1_13' title='bbox 1312 931 1391 976; x_wconf 89' lang='lat' dir='ltr'>con·</span> <span class='ocrx_word' id='word_1_14' title='bbox 1423 942 1426 947; x_wconf 91' lang='lat'>·</span> 
     </span>
     <span class='ocr_line' id='line_1_4' title="bbox 431 1013 1390 1097; baseline -0.004 -16"><span class='ocrx_word' id='word_1_15' title='bbox 431 1013 1390 1097; x_wconf 82' lang='lat' dir='ltr'>tendit‚utaemulimentiuntur,penitusretorquendaest‚qui</span> 
     </span>
     <span class='ocr_line' id='line_1_5' title="bbox 431 1115 1391 1200; baseline -0.003 -18"><span class='ocrx_word' id='word_1_16' title='bbox 431 1115 1391 1200; x_wconf 85' lang='lat' dir='ltr'>regemtuncadomniaproarbitrioimpellebat,ethaecsicut</span> 
     </span>
    </p>
   </div>
   <div class='ocr_carea' id='block_1_3' title="bbox 431 1216 1400 4329">
    <p class='ocr_par' dir='ltr' id='par_1_3' title="bbox 431 1216 1395 3115">
     <span class='ocr_line' id='line_1_6' title="bbox 431 1216 1389 1297; baseline -0.004 -15"><span class='ocrx_word' id='word_1_17' title='bbox 431 1220 497 1283; x_wconf 86' lang='lat' dir='ltr'>alia</span> <span class='ocrx_word' id='word_1_18' title='bbox 518 1222 618 1282; x_wconf 90' lang='lat' dir='ltr'>multa</span> <span class='ocrx_word' id='word_1_19' title='bbox 632 1221 716 1282; x_wconf 89' lang='lat' dir='ltr'>mala</span> <span class='ocrx_word' id='word_1_20' title='bbox 730 1218 869 1281; x_wconf 79' lang='lat' dir='ltr'><strong>induxit.</strong></span> <span class='ocrx_word' id='word_1_21' title='bbox 920 1217 1015 1289; x_wconf 87' lang='lat' dir='ltr'>Quod</span> <span class='ocrx_word' id='word_1_22' title='bbox 1031 1216 1090 1279; x_wconf 87' lang='lat' dir='ltr'>atsi</span> <span class='ocrx_word' id='word_1_23' title='bbox 1112 1236 1173 1297; x_wconf 89' lang='lat' dir='ltr'>ego</span> <span class='ocrx_word' id='word_1_24' title='bbox 1188 1216 1303 1279; x_wconf 82' lang='lat' dir='ltr'>salsum</span> <span class='ocrx_word' id='word_1_25' title='bbox 1320 1236 1389 1278; x_wconf 89' lang='lat' dir='ltr'>esse</span> 
     </span>
     <span class='ocr_line' id='line_1_7' title="bbox 434 1313 1390 1399; baseline -0.004 -20"><span class='ocrx_word' id='word_1_26' title='bbox 434 1318 587 1392; x_wconf 89' lang='lat' dir='ltr'>noverim,</span> <span class='ocrx_word' id='word_1_27' title='bbox 609 1327 720 1399; x_wconf 85' lang='lat' dir='ltr'><strong>utpote</strong></span> <span class='ocrx_word' id='word_1_28' title='bbox 743 1316 886 1398; x_wconf 87' lang='lat' dir='ltr'>quicum</span> <span class='ocrx_word' id='word_1_29' title='bbox 911 1314 978 1377; x_wconf 89' lang='lat' dir='ltr'>scio</span> <span class='ocrx_word' id='word_1_30' title='bbox 995 1323 1071 1377; x_wconf 89' lang='lat' dir='ltr'>tuuc</span> <span class='ocrx_word' id='word_1_31' title='bbox 1089 1334 1152 1376; x_wconf 89' lang='lat' dir='ltr'>uon</span> <span class='ocrx_word' id='word_1_32' title='bbox 1169 1313 1390 1376; x_wconf 87' lang='lat' dir='ltr'>auctoritatem</span> 
     </span>
     <span class='ocr_line' id='line_1_8' title="bbox 434 1413 1389 1500; baseline -0.002 -20"><span class='ocrx_word' id='word_1_33' title='bbox 434 1418 620 1500; x_wconf 73' lang='lat' dir='ltr'>praestitisse</span> <span class='ocrx_word' id='word_1_34' title='bbox 640 1417 767 1481; x_wconf 83' lang='lat' dir='ltr'>libidini</span> <span class='ocrx_word' id='word_1_35' title='bbox 789 1416 845 1479; x_wconf 92' lang='lat' dir='ltr'>sed</span> <span class='ocrx_word' id='word_1_36' title='bbox 866 1413 1173 1479; x_wconf 77' lang='lat' dir='ltr'>obsecundationem</span> <span class='ocrx_word' id='word_1_37' title='bbox 1192 1414 1389 1497; x_wconf 82' lang='lat' dir='ltr'>necessitati,</span> 
     </span>
     <span class='ocr_line' id='line_1_9' title="bbox 434 1516 1388 1603; baseline -0.004 -21"><span class='ocrx_word' id='word_1_38' title='bbox 434 1530 543 1583; x_wconf 87' lang='lat' dir='ltr'>tamen</span> <span class='ocrx_word' id='word_1_39' title='bbox 572 1520 649 1603; x_wconf 87' lang='lat' dir='ltr'>quia</span> <span class='ocrx_word' id='word_1_40' title='bbox 678 1540 750 1581; x_wconf 90' lang='lat' dir='ltr'>eum</span> <span class='ocrx_word' id='word_1_41' title='bbox 782 1519 962 1581; x_wconf 89' lang='lat' dir='ltr'>ministrum</span> <span class='ocrx_word' id='word_1_42' title='bbox 992 1516 1168 1599; x_wconf 86' lang='lat' dir='ltr'>iniquitatis</span> <span class='ocrx_word' id='word_1_43' title='bbox 1185 1516 1292 1579; x_wconf 82' lang='lat' dir='ltr'>-fuisse</span> <span class='ocrx_word' id='word_1_44' title='bbox 1322 1537 1388 1579; x_wconf 91' lang='lat' dir='ltr'>non</span> 
     </span>
     <span class='ocr_line' id='line_1_10' title="bbox 435 1617 1388 1704; baseline -0.001 -22"><span class='ocrx_word' id='word_1_45' title='bbox 435 1621 575 1701; x_wconf 80' lang='lat' dir='ltr'>ambigo,</span> <span class='ocrx_word' id='word_1_46' title='bbox 585 1620 656 1704; x_wconf 89' lang='lat' dir='ltr'>jure</span> <span class='ocrx_word' id='word_1_47' title='bbox 671 1621 794 1703; x_wconf 91' lang='lat' dir='ltr'>optimo</span> <span class='ocrx_word' id='word_1_48' title='bbox 809 1620 913 1682; x_wconf 84' lang='lat' dir='ltr'>taliter</span> <span class='ocrx_word' id='word_1_49' title='bbox 927 1617 1060 1682; x_wconf 86' lang='lat' dir='ltr'>arbitror</span> <span class='ocrx_word' id='word_1_50' title='bbox 1073 1617 1285 1700; x_wconf 85' lang='lat' dir='ltr'>puniendum,</span> <span class='ocrx_word' id='word_1_51' title='bbox 1300 1628 1337 1681; x_wconf 93' lang='lat' dir='ltr'>ut</span> <span class='ocrx_word' id='word_1_52' title='bbox 1351 1639 1388 1681; x_wconf 89' lang='lat' dir='ltr'>eo</span> 
     </span>
     <span class='ocr_line' id='line_1_11' title="bbox 435 1718 1389 1805; baseline -0.005 -20"><span class='ocrx_word' id='word_1_53' title='bbox 435 1723 637 1805; x_wconf 89' lang='lat' dir='ltr'>potissimum</span> <span class='ocrx_word' id='word_1_54' title='bbox 646 1722 796 1805; x_wconf 85' lang='lat' dir='ltr'>puniatur</span> <span class='ocrx_word' id='word_1_55' title='bbox 806 1730 946 1794; x_wconf 87' lang='lat' dir='ltr'>auctore,</span> <span class='ocrx_word' id='word_1_56' title='bbox 958 1739 1052 1801; x_wconf 88' lang='lat' dir='ltr'>quem</span> <span class='ocrx_word' id='word_1_57' title='bbox 1069 1719 1101 1781; x_wconf 90' lang='lat' dir='ltr'>in</span> <span class='ocrx_word' id='word_1_58' title='bbox 1118 1718 1235 1780; x_wconf 87' lang='lat' dir='ltr'>talibus</span> <span class='ocrx_word' id='word_1_59' title='bbox 1246 1718 1389 1780; x_wconf 92' lang='lat' dir='ltr'>Domino</span> 
     </span>
     <span class='ocr_line' id='line_1_12' title="bbox 435 1818 1389 1911; baseline -0.002 -26"><span class='ocrx_word' id='word_1_60' title='bbox 435 1824 593 1887; x_wconf 90' lang='lat' dir='ltr'>bonorum</span> <span class='ocrx_word' id='word_1_61' title='bbox 614 1822 757 1884; x_wconf 91' lang='lat' dir='ltr'>omnium</span> <span class='ocrx_word' id='word_1_62' title='bbox 783 1820 904 1884; x_wconf 86' lang='lat' dir='ltr'>auctori</span> <span class='ocrx_word' id='word_1_63' title='bbox 928 1819 1125 1911; x_wconf 70' lang='lat' dir='ltr'>praeferebat,</span> <span class='ocrx_word' id='word_1_64' title='bbox 1147 1818 1239 1902; x_wconf 91' lang='lat' dir='ltr'>eique</span> <span class='ocrx_word' id='word_1_65' title='bbox 1258 1818 1301 1881; x_wconf 88' lang='lat' dir='ltr'>sit</span> <span class='ocrx_word' id='word_1_66' title='bbox 1321 1820 1389 1883; x_wconf 87' lang='lat' dir='ltr'>vice</span> 
     </span>
     <span class='ocr_line' id='line_1_13' title="bbox 436 1919 1390 2005; baseline -0.001 -20"><span class='ocrx_word' id='word_1_67' title='bbox 436 1945 529 1987; x_wconf 86' lang='lat' dir='ltr'>versa</span> <span class='ocrx_word' id='word_1_68' title='bbox 553 1923 587 1985; x_wconf 91' lang='lat' dir='ltr'>in</span> <span class='ocrx_word' id='word_1_69' title='bbox 616 1944 757 2005; x_wconf 85' lang='lat' dir='ltr'>poeuam,</span> <span class='ocrx_word' id='word_1_70' title='bbox 787 1943 882 2005; x_wconf 91' lang='lat' dir='ltr'>quem</span> <span class='ocrx_word' id='word_1_71' title='bbox 912 1921 1052 1983; x_wconf 86' lang='lat' dir='ltr'>habebat</span> <span class='ocrx_word' id='word_1_72' title='bbox 1078 1932 1111 1982; x_wconf 90' lang='lat' dir='ltr'>et</span> <span class='ocrx_word' id='word_1_73' title='bbox 1138 1919 1294 1982; x_wconf 84' lang='lat' dir='ltr'>laudabat</span> <span class='ocrx_word' id='word_1_74' title='bbox 1324 1942 1390 1984; x_wconf 81' lang='lat' dir='ltr'>suae</span> 
     </span>
     <span class='ocr_line' id='line_1_14' title="bbox 437 2021 1392 2107; baseline -0.002 -20"><span class='ocrx_word' id='word_1_75' title='bbox 437 2024 654 2107; x_wconf 84' lang='lat' dir='ltr'>perversitatis</span> <span class='ocrx_word' id='word_1_76' title='bbox 668 2037 840 2087; x_wconf 84' lang='lat' dir='ltr'>auctorem.</span> <span class='ocrx_word' id='word_1_77' title='bbox 885 2023 969 2085; x_wconf 91' lang='lat' dir='ltr'>Nam</span> <span class='ocrx_word' id='word_1_78' title='bbox 990 2022 1024 2083; x_wconf 91' lang='lat' dir='ltr'>in</span> <span class='ocrx_word' id='word_1_79' title='bbox 1042 2022 1231 2104; x_wconf 86' lang='lat' dir='ltr'>sapientium</span> <span class='ocrx_word' id='word_1_80' title='bbox 1247 2021 1345 2085; x_wconf 87' lang='lat' dir='ltr'>corde</span> <span class='ocrx_word' id='word_1_81' title='bbox 1360 2032 1392 2085; x_wconf 88' lang='lat' dir='ltr'>et</span> 
     </span>
     <span class='ocr_line' id='line_1_15' title="bbox 437 2124 1391 2208; baseline -0.001 -21"><span class='ocrx_word' id='word_1_82' title='bbox 437 2146 491 2187; x_wconf 89' lang='lat' dir='ltr'>ore</span> <span class='ocrx_word' id='word_1_83' title='bbox 522 2126 647 2187; x_wconf 88' lang='lat' dir='ltr'>celebre</span> <span class='ocrx_word' id='word_1_84' title='bbox 669 2135 719 2187; x_wconf 90' lang='lat' dir='ltr'>cst</span> <span class='ocrx_word' id='word_1_85' title='bbox 743 2124 824 2187; x_wconf 92' lang='lat' dir='ltr'>illud</span> <span class='ocrx_word' id='word_1_86' title='bbox 849 2124 1034 2207; x_wconf 82' lang='lat' dir='ltr'>Sapientiae,</span> <span class='ocrx_word' id='word_1_87' title='bbox 1057 2125 1210 2208; x_wconf 80' lang='lat' dir='ltr'>quonium</span> <span class='ocrx_word' id='word_1_88' title='bbox 1236 2144 1391 2207; x_wconf 78' lang='lat' dir='ltr'>perque</span> 
     </span>
     <span class='ocr_line' id='line_1_16' title="bbox 434 2219 1392 2309; baseline 0.002 -24"><span class='ocrx_word' id='word_1_89' title='bbox 434 2219 551 2307; x_wconf 77' lang='lat' dir='ltr'>peccat</span> <span class='ocrx_word' id='word_1_90' title='bbox 571 2227 654 2309; x_wconf 81' lang='lat' dir='ltr'>quia,</span> <span class='ocrx_word' id='word_1_91' title='bbox 678 2228 864 2306; x_wconf 73' lang='lat' dir='ltr'>perdocet</span> <span class='ocrx_word' id='word_1_92' title='bbox 884 2227 1037 2306; x_wconf 80' lang='lat' dir='ltr'>punitur·</span> <span class='ocrx_word' id='word_1_93' title='bbox 1082 2224 1136 2290; x_wconf 87' lang='lat' dir='ltr'>Sic</span> <span class='ocrx_word' id='word_1_94' title='bbox 1158 2224 1250 2288; x_wconf 85' lang='lat' dir='ltr'>Caim</span> <span class='ocrx_word' id='word_1_95' title='bbox 1271 2225 1392 2308; x_wconf 86' lang='lat' dir='ltr'>primus</span> 
     </span>
     <span class='ocr_line' id='line_1_17' title="bbox 439 2324 1394 2407; baseline 0.002 -20"><span class='ocrx_word' id='word_1_96' title='bbox 439 2324 603 2388; x_wconf 81' lang='lat' dir='ltr'>homicida</span> <span class='ocrx_word' id='word_1_97' title='bbox 621 2326 747 2389; x_wconf 90' lang='lat' dir='ltr'>occisus</span> <span class='ocrx_word' id='word_1_98' title='bbox 767 2336 831 2403; x_wconf 85' lang='lat' dir='ltr'>est3</span> <span class='ocrx_word' id='word_1_99' title='bbox 855 2326 1020 2390; x_wconf 85' lang='lat' dir='ltr'>Chanaam</span> <span class='ocrx_word' id='word_1_100' title='bbox 1039 2327 1220 2390; x_wconf 85' lang='lat' dir='ltr'>servitutem</span> <span class='ocrx_word' id='word_1_101' title='bbox 1240 2325 1394 2407; x_wconf 85' lang='lat' dir='ltr'>ingerens</span> 
     </span>
     <span class='ocr_line' id='line_1_18' title="bbox 439 2415 1393 2510; baseline 0.002 -21"><span class='ocrx_word' id='word_1_102' title='bbox 439 2426 523 2500; x_wconf 89' lang='lat' dir='ltr'>aliis,</span> <span class='ocrx_word' id='word_1_103' title='bbox 542 2438 694 2509; x_wconf 86' lang='lat' dir='ltr'>perpetua</span> <span class='ocrx_word' id='word_1_104' title='bbox 717 2428 864 2491; x_wconf 79' lang='lat' dir='ltr'>servitute</span> <span class='ocrx_word' id='word_1_105' title='bbox 886 2415 1069 2505; x_wconf 63' lang='lat' dir='ltr'>damnatum</span> <span class='ocrx_word' id='word_1_106' title='bbox 1095 2429 1220 2491; x_wconf 87' lang='lat' dir='ltr'>Pharao</span> <span class='ocrx_word' id='word_1_107' title='bbox 1242 2428 1278 2490; x_wconf 91' lang='lat' dir='ltr'>in</span> <span class='ocrx_word' id='word_1_108' title='bbox 1300 2429 1393 2510; x_wconf 86' lang='lat' dir='ltr'>aquis</span> 
     </span>
     <span class='ocr_line' id='line_1_19' title="bbox 440 2528 1393 2613; baseline 0.004 -23"><span class='ocrx_word' id='word_1_109' title='bbox 440 2528 623 2612; x_wconf 84' lang='lat' dir='ltr'>¹submersus</span> <span class='ocrx_word' id='word_1_110' title='bbox 643 2539 693 2592; x_wconf 87' lang='lat' dir='ltr'>est</span> <span class='ocrx_word' id='word_1_111' title='bbox 716 2551 790 2593; x_wconf 91' lang='lat' dir='ltr'>cum</span> <span class='ocrx_word' id='word_1_112' title='bbox 813 2540 981 2613; x_wconf 88' lang='lat' dir='ltr'>potentatu</span> <span class='ocrx_word' id='word_1_113' title='bbox 1003 2551 1073 2608; x_wconf 88' lang='lat' dir='ltr'>sno,</span> <span class='ocrx_word' id='word_1_114' title='bbox 1093 2530 1209 2613; x_wconf 89' lang='lat' dir='ltr'>quibus</span> <span class='ocrx_word' id='word_1_115' title='bbox 1233 2530 1393 2594; x_wconf 85' lang='lat' dir='ltr'>Hebraeos</span> 
     </span>
     <span class='ocr_line' id='line_1_20' title="bbox 441 2630 1393 2695; baseline 0.001 -2"><span class='ocrx_word' id='word_1_116' title='bbox 441 2630 654 2693; x_wconf 83' lang='lat' dir='ltr'>submerserat</span> <span class='ocrx_word' id='word_1_117' title='bbox 683 2631 886 2694; x_wconf 88' lang='lat' dir='ltr'>innocentes.</span> <span class='ocrx_word' id='word_1_118' title='bbox 937 2631 1053 2694; x_wconf 89' lang='lat' dir='ltr'>Patent</span> <span class='ocrx_word' id='word_1_119' title='bbox 1081 2632 1115 2693; x_wconf 92' lang='lat' dir='ltr'>in</span> <span class='ocrx_word' id='word_1_120' title='bbox 1143 2632 1229 2694; x_wconf 91' lang='lat' dir='ltr'>hunc</span> <span class='ocrx_word' id='word_1_121' title='bbox 1261 2631 1393 2695; x_wconf 90' lang='lat' dir='ltr'>modum</span> 
     </span>
     <span class='ocr_line' id='line_1_21' title="bbox 442 2730 1391 2814; baseline 0.001 -21"><span class='ocrx_word' id='word_1_122' title='bbox 442 2730 694 2813; x_wconf 84' lang='lat' dir='ltr'>quamplurima3</span> <span class='ocrx_word' id='word_1_123' title='bbox 730 2730 789 2794; x_wconf 88' lang='lat' dir='ltr'>sed</span> <span class='ocrx_word' id='word_1_124' title='bbox 818 2744 896 2809; x_wconf 87' lang='lat' dir='ltr'>esto,</span> <span class='ocrx_word' id='word_1_125' title='bbox 926 2752 1012 2794; x_wconf 90' lang='lat' dir='ltr'>nunc</span> <span class='ocrx_word' id='word_1_126' title='bbox 1048 2731 1270 2814; x_wconf 89' lang='lat' dir='ltr'>poenitentiam</span> <span class='ocrx_word' id='word_1_127' title='bbox 1307 2732 1391 2814; x_wconf 90' lang='lat' dir='ltr'>agit:</span> 
     </span>
     <span class='ocr_line' id='line_1_22' title="bbox 442 2829 1395 2915; baseline 0.001 -22"><span class='ocrx_word' id='word_1_128' title='bbox 442 2829 586 2912; x_wconf 84' lang='lat' dir='ltr'>agnoscit</span> <span class='ocrx_word' id='word_1_129' title='bbox 597 2839 640 2906; x_wconf 88' lang='lat' dir='ltr'>et,</span> <span class='ocrx_word' id='word_1_130' title='bbox 653 2831 825 2894; x_wconf 86' lang='lat' dir='ltr'>confitetur</span> <span class='ocrx_word' id='word_1_131' title='bbox 839 2833 978 2913; x_wconf 89' lang='lat' dir='ltr'>culpam,</span> <span class='ocrx_word' id='word_1_132' title='bbox 993 2841 1036 2908; x_wconf 91' lang='lat' dir='ltr'>et,</span> <span class='ocrx_word' id='word_1_133' title='bbox 1048 2831 1073 2893; x_wconf 90' lang='lat' dir='ltr'>si</span> <span class='ocrx_word' id='word_1_134' title='bbox 1090 2852 1163 2893; x_wconf 92' lang='lat' dir='ltr'>cum</span> <span class='ocrx_word' id='word_1_135' title='bbox 1179 2831 1278 2894; x_wconf 87' lang='lat' dir='ltr'>Saulo</span> <span class='ocrx_word' id='word_1_136' title='bbox 1294 2852 1395 2915; x_wconf 86' lang='lat' dir='ltr'>quan-</span> 
     </span>
     <span class='ocr_line' id='line_1_23' title="bbox 443 2931 1393 3016; baseline 0.001 -22"><span class='ocrx_word' id='word_1_137' title='bbox 443 2932 547 3014; x_wconf 90' lang='lat' dir='ltr'>doque</span> <span class='ocrx_word' id='word_1_138' title='bbox 563 2933 732 2995; x_wconf 87' lang='lat' dir='ltr'>ecclesiam</span> <span class='ocrx_word' id='word_1_139' title='bbox 749 2931 958 3016; x_wconf 85' lang='lat' dir='ltr'>impugnavit,</span> <span class='ocrx_word' id='word_1_140' title='bbox 972 2954 1059 2995; x_wconf 88' lang='lat' dir='ltr'>nunc</span> <span class='ocrx_word' id='word_1_141' title='bbox 1075 2953 1133 3014; x_wconf 94' lang='lat' dir='ltr'>pro</span> <span class='ocrx_word' id='word_1_142' title='bbox 1150 2953 1275 2996; x_wconf 88' lang='lat' dir='ltr'>cacum</span> <span class='ocrx_word' id='word_1_143' title='bbox 1292 2935 1393 2998; x_wconf 87' lang='lat' dir='ltr'>Paulo</span> 
     </span>
     <span class='ocr_line' id='line_1_24' title="bbox 443 3033 1088 3115; baseline 0 -20"><span class='ocrx_word' id='word_1_144' title='bbox 443 3053 561 3115; x_wconf 88' lang='lat' dir='ltr'>ponere</span> <span class='ocrx_word' id='word_1_145' title='bbox 577 3044 706 3115; x_wconf 87' lang='lat' dir='ltr'>paratus</span> <span class='ocrx_word' id='word_1_146' title='bbox 722 3045 770 3096; x_wconf 89' lang='lat' dir='ltr'>est</span> <span class='ocrx_word' id='word_1_147' title='bbox 785 3045 818 3096; x_wconf 87' lang='lat' dir='ltr'>et</span> <span class='ocrx_word' id='word_1_148' title='bbox 832 3033 971 3096; x_wconf 88' lang='lat' dir='ltr'>animam</span> <span class='ocrx_word' id='word_1_149' title='bbox 988 3054 1088 3095; x_wconf 86' lang='lat' dir='ltr'>suam.</span> 
     </span>
    </p>

    <p class='ocr_par' dir='ltr' id='par_1_4' title="bbox 444 3133 1400 4329">
     <span class='ocr_line' id='line_1_25' title="bbox 487 3133 1394 3218; baseline 0.002 -24"><span class='ocrx_word' id='word_1_150' title='bbox 487 3133 568 3205; x_wconf 91' lang='lat' dir='ltr'>Quis</span> <span class='ocrx_word' id='word_1_151' title='bbox 590 3154 665 3213; x_wconf 88' lang='lat' dir='ltr'>ergo</span> <span class='ocrx_word' id='word_1_152' title='bbox 684 3136 813 3214; x_wconf 85' lang='lat' dir='ltr'>negabit</span> <span class='ocrx_word' id='word_1_153' title='bbox 829 3134 988 3218; x_wconf 91' lang='lat' dir='ltr'>judicium</span> <span class='ocrx_word' id='word_1_154' title='bbox 1005 3136 1073 3218; x_wconf 84' lang='lat' dir='ltr'>jam</span> <span class='ocrx_word' id='word_1_155' title='bbox 1095 3135 1232 3218; x_wconf 79' lang='lat' dir='ltr'>coepisse</span> <span class='ocrx_word' id='word_1_156' title='bbox 1257 3156 1276 3197; x_wconf 88' lang='lat' dir='ltr'>a</span> <span class='ocrx_word' id='word_1_157' title='bbox 1298 3135 1394 3197; x_wconf 90' lang='lat' dir='ltr'>domo</span> 
     </span>
     <span class='ocr_line' id='line_1_26' title="bbox 445 3234 1395 3319; baseline 0.002 -23"><span class='ocrx_word' id='word_1_158' title='bbox 445 3234 591 3309; x_wconf 91' lang='lat' dir='ltr'>Domini,</span> <span class='ocrx_word' id='word_1_159' title='bbox 605 3254 703 3314; x_wconf 91' lang='lat' dir='ltr'>quum</span> <span class='ocrx_word' id='word_1_160' title='bbox 721 3235 788 3317; x_wconf 90' lang='lat' dir='ltr'>jam</span> <span class='ocrx_word' id='word_1_161' title='bbox 804 3235 965 3318; x_wconf 89' lang='lat' dir='ltr'>principes</span> <span class='ocrx_word' id='word_1_162' title='bbox 980 3236 1094 3319; x_wconf 91' lang='lat' dir='ltr'>populi</span> <span class='ocrx_word' id='word_1_163' title='bbox 1108 3237 1141 3297; x_wconf 96' lang='lat' dir='ltr'>in</span> <span class='ocrx_word' id='word_1_164' title='bbox 1157 3235 1310 3318; x_wconf 88' lang='lat' dir='ltr'>patibulis</span> <span class='ocrx_word' id='word_1_165' title='bbox 1326 3256 1395 3298; x_wconf 87' lang='lat' dir='ltr'>sus·</span> 
     </span>
     <span class='ocr_line' id='line_1_27' title="bbox 444 3332 1398 3419; baseline 0.005 -25"><span class='ocrx_word' id='word_1_166' title='bbox 444 3332 625 3415; x_wconf 87' lang='lat' dir='ltr'>pendantur</span> <span class='ocrx_word' id='word_1_167' title='bbox 650 3333 691 3394; x_wconf 88' lang='lat' dir='ltr'>ad</span> <span class='ocrx_word' id='word_1_168' title='bbox 721 3337 820 3396; x_wconf 90' lang='lat' dir='ltr'>solem</span> <span class='ocrx_word' id='word_1_169' title='bbox 849 3345 884 3397; x_wconf 90' lang='lat' dir='ltr'>ut</span> <span class='ocrx_word' id='word_1_170' title='bbox 908 3337 1034 3419; x_wconf 87' lang='lat' dir='ltr'>justitia</span> <span class='ocrx_word' id='word_1_171' title='bbox 1063 3337 1127 3398; x_wconf 89' lang='lat' dir='ltr'>Dei</span> <span class='ocrx_word' id='word_1_172' title='bbox 1155 3337 1188 3398; x_wconf 93' lang='lat' dir='ltr'>in</span> <span class='ocrx_word' id='word_1_173' title='bbox 1218 3345 1398 3418; x_wconf 86' lang='lat' dir='ltr'>conspectu</span> 
     </span>
     <span class='ocr_line' id='line_1_28' title="bbox 445 3432 1398 3521; baseline 0.004 -26"><span class='ocrx_word' id='word_1_174' title='bbox 445 3432 587 3514; x_wconf 86' lang='lat' dir='ltr'>gentium</span> <span class='ocrx_word' id='word_1_175' title='bbox 617 3434 794 3498; x_wconf 80' lang='lat' dir='ltr'>reveletur?</span> <span class='ocrx_word' id='word_1_176' title='bbox 834 3435 951 3499; x_wconf 89' lang='lat' dir='ltr'>Nonne</span> <span class='ocrx_word' id='word_1_177' title='bbox 978 3438 1063 3500; x_wconf 91' lang='lat' dir='ltr'>enim</span> <span class='ocrx_word' id='word_1_178' title='bbox 1093 3438 1253 3521; x_wconf 86' lang='lat' dir='ltr'>principes</span> <span class='ocrx_word' id='word_1_179' title='bbox 1281 3438 1398 3520; x_wconf 92' lang='lat' dir='ltr'>populi</span> 
     </span>
     <span class='ocr_line' id='line_1_29' title="bbox 445 3533 1399 3623; baseline 0.005 -28"><span class='ocrx_word' id='word_1_180' title='bbox 445 3542 521 3596; x_wconf 89' lang='lat' dir='ltr'>sunt</span> <span class='ocrx_word' id='word_1_181' title='bbox 534 3533 569 3595; x_wconf 92' lang='lat' dir='ltr'>hi</span> <span class='ocrx_word' id='word_1_182' title='bbox 584 3533 658 3608; x_wconf 92' lang='lat' dir='ltr'>duo,</span> <span class='ocrx_word' id='word_1_183' title='bbox 675 3557 809 3619; x_wconf 87' lang='lat' dir='ltr'>quorum</span> <span class='ocrx_word' id='word_1_184' title='bbox 824 3540 905 3600; x_wconf 88' lang='lat' dir='ltr'>alter</span> <span class='ocrx_word' id='word_1_185' title='bbox 926 3537 1091 3621; x_wconf 89' lang='lat' dir='ltr'>dispensat</span> <span class='ocrx_word' id='word_1_186' title='bbox 1113 3538 1303 3623; x_wconf 85' lang='lat' dir='ltr'>spiritualia,</span> <span class='ocrx_word' id='word_1_187' title='bbox 1319 3541 1399 3602; x_wconf 86' lang='lat' dir='ltr'>alter</span> 
     </span>
     <span class='ocr_line' id='line_1_30' title="bbox 445 3636 1398 3723; baseline 0.002 -24"><span class='ocrx_word' id='word_1_188' title='bbox 445 3636 633 3718; x_wconf 84' lang='lat' dir='ltr'>temporalia</span> <span class='ocrx_word' id='word_1_189' title='bbox 647 3636 857 3702; x_wconf 89' lang='lat' dir='ltr'>administrat.</span> <span class='ocrx_word' id='word_1_190' title='bbox 898 3641 1015 3703; x_wconf 90' lang='lat' dir='ltr'>Nonne</span> <span class='ocrx_word' id='word_1_191' title='bbox 1029 3643 1084 3704; x_wconf 87' lang='lat' dir='ltr'>lex</span> <span class='ocrx_word' id='word_1_192' title='bbox 1100 3640 1350 3723; x_wconf 86' lang='lat' dir='ltr'>dispensationis</span> <span class='ocrx_word' id='word_1_193' title='bbox 1366 3650 1398 3703; x_wconf 87' lang='lat' dir='ltr'>et</span> 
     </span>
     <span class='ocr_line' id='line_1_31' title="bbox 447 3737 1398 3821; baseline 0.004 -21"><span class='ocrx_word' id='word_1_194' title='bbox 447 3737 612 3801; x_wconf 88' lang='lat' dir='ltr'>ministerii</span> <span class='ocrx_word' id='word_1_195' title='bbox 634 3738 741 3821; x_wconf 89' lang='lat' dir='ltr'>hujus,</span> <span class='ocrx_word' id='word_1_196' title='bbox 756 3737 905 3803; x_wconf 90' lang='lat' dir='ltr'>manibus</span> <span class='ocrx_word' id='word_1_197' title='bbox 919 3740 1051 3804; x_wconf 89' lang='lat' dir='ltr'>istorum</span> <span class='ocrx_word' id='word_1_198' title='bbox 1066 3740 1231 3805; x_wconf 88' lang='lat' dir='ltr'>tractanda</span> <span class='ocrx_word' id='word_1_199' title='bbox 1252 3742 1398 3804; x_wconf 89' lang='lat' dir='ltr'>commit·</span> 
     </span>
     <span class='ocr_line' id='line_1_32' title="bbox 446 3837 1399 3925; baseline 0.001 -24"><span class='ocrx_word' id='word_1_200' title='bbox 446 3837 545 3901; x_wconf 87' lang='lat' dir='ltr'>titur?</span> <span class='ocrx_word' id='word_1_201' title='bbox 578 3838 625 3900; x_wconf 92' lang='lat' dir='ltr'>Hi</span> <span class='ocrx_word' id='word_1_202' title='bbox 640 3841 725 3903; x_wconf 92' lang='lat' dir='ltr'>enim</span> <span class='ocrx_word' id='word_1_203' title='bbox 741 3850 814 3903; x_wconf 91' lang='lat' dir='ltr'>sunt</span> <span class='ocrx_word' id='word_1_204' title='bbox 829 3839 892 3902; x_wconf 93' lang='lat' dir='ltr'>duo</span> <span class='ocrx_word' id='word_1_205' title='bbox 909 3838 1093 3918; x_wconf 83' lang='lat' dir='ltr'>Cherubim,</span> <span class='ocrx_word' id='word_1_206' title='bbox 1108 3863 1242 3925; x_wconf 89' lang='lat' dir='ltr'>quorum</span> <span class='ocrx_word' id='word_1_207' title='bbox 1265 3841 1325 3905; x_wconf 88' lang='lat' dir='ltr'>alis</span> <span class='ocrx_word' id='word_1_208' title='bbox 1342 3842 1399 3903; x_wconf 85' lang='lat' dir='ltr'>lex</span> 
     </span>
     <span class='ocr_line' id='line_1_33' title="bbox 447 3940 1399 4023; baseline 0.002 -22"><span class='ocrx_word' id='word_1_209' title='bbox 447 3949 479 4001; x_wconf 92' lang='lat' dir='ltr'>et</span> <span class='ocrx_word' id='word_1_210' title='bbox 502 3940 754 4022; x_wconf 89' lang='lat' dir='ltr'>propitiatorium</span> <span class='ocrx_word' id='word_1_211' title='bbox 770 3940 986 4019; x_wconf 83' lang='lat' dir='ltr'>adumbratur,</span> <span class='ocrx_word' id='word_1_212' title='bbox 1002 3964 1036 4005; x_wconf 88' lang='lat' dir='ltr'>se</span> <span class='ocrx_word' id='word_1_213' title='bbox 1058 3955 1168 4017; x_wconf 89' lang='lat' dir='ltr'>mutuo</span> <span class='ocrx_word' id='word_1_214' title='bbox 1185 3941 1399 4023; x_wconf 74' lang='lat' dir='ltr'>respicientia,</span> 
     </span>
     <span class='ocr_line' id='line_1_34' title="bbox 448 4038 1398 4126; baseline 0.006 -28"><span class='ocrx_word' id='word_1_215' title='bbox 448 4038 547 4099; x_wconf 86' lang='lat' dir='ltr'>versis</span> <span class='ocrx_word' id='word_1_216' title='bbox 568 4051 676 4101; x_wconf 87' lang='lat' dir='ltr'>tamen</span> <span class='ocrx_word' id='word_1_217' title='bbox 692 4041 831 4104; x_wconf 79' lang='lat' dir='ltr'>vultibus</span> <span class='ocrx_word' id='word_1_218' title='bbox 846 4042 878 4103; x_wconf 93' lang='lat' dir='ltr'>in</span> <span class='ocrx_word' id='word_1_219' title='bbox 902 4042 1168 4125; x_wconf 90' lang='lat' dir='ltr'>propitiatorium,</span> <span class='ocrx_word' id='word_1_220' title='bbox 1186 4043 1259 4126; x_wconf 90' lang='lat' dir='ltr'>quia</span> <span class='ocrx_word' id='word_1_221' title='bbox 1274 4042 1321 4106; x_wconf 91' lang='lat' dir='ltr'>sic</span> <span class='ocrx_word' id='word_1_222' title='bbox 1337 4042 1398 4106; x_wconf 88' lang='lat' dir='ltr'>sibi</span> 
     </span>
     <span class='ocr_line' id='line_1_35' title="bbox 447 4137 1400 4228; baseline 0.008 -29"><span class='ocrx_word' id='word_1_223' title='bbox 447 4137 585 4199; x_wconf 84' lang='lat' dir='ltr'>invicem</span> <span class='ocrx_word' id='word_1_224' title='bbox 606 4138 726 4202; x_wconf 89' lang='lat' dir='ltr'>debent</span> <span class='ocrx_word' id='word_1_225' title='bbox 741 4154 873 4225; x_wconf 87' lang='lat' dir='ltr'>aspectu</span> <span class='ocrx_word' id='word_1_226' title='bbox 887 4155 997 4207; x_wconf 89' lang='lat' dir='ltr'>mutuo</span> <span class='ocrx_word' id='word_1_227' title='bbox 1017 4147 1227 4228; x_wconf 87' lang='lat' dir='ltr'>complacere,</span> <span class='ocrx_word' id='word_1_228' title='bbox 1242 4157 1279 4208; x_wconf 93' lang='lat' dir='ltr'>ut</span> <span class='ocrx_word' id='word_1_229' title='bbox 1294 4147 1400 4225; x_wconf 84' lang='lat' dir='ltr'>legem</span> 
     </span>
     <span class='ocr_line' id='line_1_36' title="bbox 449 4237 1399 4329; baseline 0.008 -29"><span class='ocrx_word' id='word_1_230' title='bbox 449 4237 1399 4329; x_wconf 80' lang='lat' dir='ltr'>Deiinarcapcctorisjugiterinspiciantetrenerentur,nec</span> 
     </span>
    </p>
   </div>
   <div class='ocr_carea' id='block_1_4' title="bbox 449 4340 1398 4427">
    <p class='ocr_par' dir='ltr' id='par_1_5' title="bbox 449 4340 1398 4427">
     <span class='ocr_line' id='line_1_37' title="bbox 449 4340 1398 4427; baseline 0.009 -24"><span class='ocrx_word' id='word_1_231' title='bbox 449 4361 507 4424; x_wconf 90' lang='lat' dir='ltr'>pro</span> <span class='ocrx_word' id='word_1_232' title='bbox 523 4360 567 4419; x_wconf 88' lang='lat' dir='ltr'>se,</span> <span class='ocrx_word' id='word_1_233' title='bbox 583 4340 785 4421; x_wconf 86' lang='lat' dir='ltr'>adinvicem,</span> <span class='ocrx_word' id='word_1_234' title='bbox 801 4346 842 4406; x_wconf 94' lang='lat' dir='ltr'>ob</span> <span class='ocrx_word' id='word_1_235' title='bbox 858 4346 954 4410; x_wconf 89' lang='lat' dir='ltr'>aliam</span> <span class='ocrx_word' id='word_1_236' title='bbox 969 4370 1099 4414; x_wconf 85' lang='lat' dir='ltr'>causam</span> <span class='ocrx_word' id='word_1_237' title='bbox 1116 4350 1296 4427; x_wconf 83' lang='lat' dir='ltr'>admittant,</span> <span class='ocrx_word' id='word_1_238' title='bbox 1311 4349 1398 4413; x_wconf 90' lang='lat' dir='ltr'>unde</span> 
     </span>
    </p>
   </div>
   <div class='ocr_carea' id='block_1_5' title="bbox 0 0 1856 5475">
    <p class='ocr_par' dir='ltr' id='par_1_6' title="bbox 0 0 1856 5475">
     <span class='ocr_line' id='line_1_38' title="bbox 0 0 1856 5475; baseline 0 0"><span class='ocrx_word' id='word_1_239' title='bbox 0 0 1856 5475; x_wconf 95' lang='lat' dir='ltr'> </span> 
     </span>
    </p>
   </div>
  </div>
 </body>
</html>
