3667 5475
448 805 511 866 ata
705 814 842 860 soranis
858 812 1138 860 sanasastnnnsrs
1310 798 1355 877 [Α.
1372 820 1401 862 ῃ,
1423 832 1484 852 ,

427 1075 667 1151 ’EPISTOLA
694 1081 980 1149 cuma-sn
1001 1102 1202 1148 nemansensi
1222 1104 1402 1153 uraaanun
1484 1084 1512 1095 ²

708 1197 868 1247 rucanas.
917 1183 1133 1265 [s.n.1166.]

682 1337 847 1419 Mcqhtro
864 1338 1011 1402 Girardo
1029 1338 1169 1405 Pacete.

490 1463 589 1535 Qnon
604 1459 771 1525 dilectioni
786 1470 897 1522 vestra
911 1460 1090 1543 respondeo
1105 1461 1228 1525 tardius
1248 1473 1283 1526 et
1303 1464 1402 1528 rarius

447 1565 565 1642 scribo,
580 1584 679 1648 quum
697 1561 766 1646 jam
781 1561 902 1625 litteras
918 1574 1039 1625 vestras
1057 1562 1200 1627 meando
1215 1564 1403 1649 receperim,

447 1668 525 1732 lacit
552 1664 807 1729 intermeantium
844 1663 968 1741 raritas,
995 1665 1138 1727 loconrm
1178 1666 1341 1742 distantia,
1372 1681 1404 1732 et

445 1769 634 1833 transituum
654 1766 827 1831 difficultas
841 1759 1037 1829 nostratibus
1058 1767 1258 1847 ignotorum:
1291 1770 1402 1835 sedeo

447 1871 578 1956 quidem
592 1869 696 1951 magis
706 1868 806 1935 ferret
817 1867 956 1945 affectio,
966 1868 1075 1950 lingua
1087 1870 1159 1933 silet
1170 1870 1403 1953 impatientius,

447 1993 514 2057 quo
529 1971 652 2036 caritati
669 1990 832 2034 succensae
853 1989 912 2052 per
928 1969 1159 2033 exhibitionem
1175 1973 1400 2056 obsequiorum

446 2075 574 2160 prodire
595 2094 661 2136 non
683 2073 760 2136 licet
780 2071 815 2133 in
841 2071 1017 2154 publicum,
1040 2082 1072 2135 et
1097 2075 1292 2138 commercio
1315 2077 1402 2139 verbi

446 2187 597 2257 negamur
623 2183 682 2250 est,
706 2183 833 2235 mutuas
858 2174 891 2235 in
919 2173 1018 2237 corda
1042 2184 1152 2237 nostra
1176 2195 1264 2240 more
1290 2177 1402 2241 amicis

445 2277 563 2340 usitato
578 2284 610 2338 et
618 2272 767 2357 jucundo
781 2271 928 2354 trajicere
944 2276 1117 2338 sententias
1132 2276 1321 2340 animorum.
1360 2276 1402 2340 In

446 2377 509 2441 hoc
523 2375 632 2459 itaque
647 2374 731 2437 malo
746 2374 862 2456 aliquis
876 2396 954 2438 usus
970 2387 1027 2452 est,
1041 2376 1117 2439 dum
1140 2397 1198 2460 per
1220 2379 1399 2442 absentiam

446 2498 616 2562 corporum
641 2476 744 2557 magis
768 2475 937 2540 invalescit
963 2478 1125 2559 integritas
1154 2480 1346 2560 animorum,
1371 2496 1401 2545 et

446 2582 564 2646 amoris
585 2576 741 2664 patientia
755 2590 892 2641 mentem
907 2579 1108 2658 exulcerans,
1123 2580 1244 2643 doloris
1266 2584 1317 2646 sui
1339 2582 1402 2647 dis-

448 2684 576 2770 pendio,
592 2690 626 2746 et
640 2702 701 2745 usn
727 2680 874 2745 exercitii
900 2680 950 2744 sui
975 2680 1008 2742 in
1025 2681 1149 2745 virtutis
1172 2684 1402 2774 compendium

444 2784 585 2872 prolicit,
599 2795 632 2849 et
647 2804 690 2847 cx
710 2782 919 2851 assuetudine
943 2782 1167 2846 dissidentium
1190 2785 1233 2848 ad
1250 2779 1402 2851 laborum

444 2889 643 2953 tolerantiam
671 2888 846 2950 roboratur.
891 2885 1006 2948 Malim
1033 2894 1149 2964 tamen,
1176 2899 1208 2950 et
1235 2890 1262 2950 si
1294 2892 1402 2973 prosit,

446 2991 542 3074 hujus
580 2990 787 3074 impatientiae
826 2990 939 3051 abesse
974 3008 1077 3066 usum,
1109 2987 1186 3052 dum
1216 2991 1401 3055 cohabitare

445 3114 626 3175 possumus,
641 3104 672 3156 et
694 3092 812 3154 mutuis
826 3091 886 3153 frui
913 3091 1093 3172 colloquiis,
1109 3092 1253 3154 consiliis
1275 3093 1402 3171 instrui,

446 3207 479 3258 et
503 3194 711 3257 auxiliaribus
733 3195 848 3256 officiis
874 3193 990 3254 muniri
1013 3204 1044 3254 et
1071 3193 1188 3256 firmari
1214 3195 1248 3256 in
1271 3216 1402 3257 omnem

446 3317 566 3358 casum.
605 3295 669 3357 Sed
685 3294 946 3377 qnandoquidem
959 3294 1159 3378 dispositioni
1176 3294 1290 3358 divinae
1306 3297 1403 3358 aliter

445 3396 549 3456 visum
561 3404 619 3469 est,
631 3404 778 3476 prompta
790 3394 960 3458 devotione
970 3396 1070 3479 ipsius
1081 3417 1247 3479 pareamus
1257 3396 1401 3472 arbitrio,

444 3495 538 3582 cujus
551 3507 584 3560 et
599 3497 626 3559 si
647 3497 808 3580 possimus
823 3498 940 3561 evitare
961 3499 1162 3577 sententiam,
1178 3509 1298 3561 mutare
1323 3521 1402 3562 con-

445 3600 551 3663 silium
580 3620 646 3662 non
676 3600 830 3677 valemus,
860 3621 925 3682 quo
955 3600 1166 3680 diligentibus
1199 3601 1261 3662 sibi
1292 3601 1402 3663 omnia

445 3711 633 3786 cooperatur
646 3703 678 3764 in
694 3702 827 3777 bonum,
842 3712 874 3763 et
889 3702 1008 3764 salubri
1024 3701 1263 3784 dispensatione
1285 3724 1401 3786 procu·

445 3813 503 3881 rat,
518 3813 553 3866 ut
569 3802 677 3866 omnia
692 3801 809 3865 cedant
823 3803 856 3865 in
873 3824 965 3865 usum
981 3804 1156 3886 sapientiae.

487 3905 695 3987 Exposuistis
710 3904 786 3967 mihi
803 3915 915 3982 vestra,
931 3904 1048 3985 gratias
1063 3927 1135 3985 agn,
1152 3906 1210 3968 sed
1231 3908 1399 3971 maximas.

445 4004 788 4074 Quaesistisconsilinm
796 4026 901 4066 meum
910 4005 1240 4087 ministerioMagistri
1251 4006 1401 4070 Rndulfi:

445 4100 624 4182 respondeo
640 4101 728 4183 quod
745 4102 900 4181 desidero,
913 4104 1001 4186 quod
1017 4127 1110 4187 spero
1127 4105 1167 4169 de
1182 4106 1404 4170 misericordia

445 4199 589 4277 Domini,
618 4201 693 4282 quia
721 4211 754 4262 et
783 4202 862 4265 citra
891 4225 1022 4286 operam
1051 4227 1155 4269 meam
1185 4208 1276 4269 vobis
1309 4208 1402 4270 Deus

444 4299 583 4367 salubria
596 4299 785 4382 providebit,
802 4312 834 4364 et
850 4303 970 4366 utinam
990 4307 1154 4388 parvitatis
1176 4328 1256 4369 meae
1279 4308 1403 4388 officio,

444 4403 630 4468 fraternitati
646 4412 755 4465 vestrae
771 4403 920 4483 dignetur
934 4428 1063 4486 erogare
1084 4408 1173 4491 quod
1189 4408 1230 4470 ad
1244 4409 1402 4472 honorem
