3667 5475
510 779 572 839 128
766 791 903 837 torturus
919 788 1195 836 sanssasrusn'srs
1364 772 1413 853 [a.
1430 784 1462 835 n

503 955 675 1028 corruptus
695 956 774 1019 erat,
789 941 932 1006 nondum
954 953 1060 1005 tamen
1081 939 1249 1025 legationis
1268 938 1373 1004 officio
1386 939 1463 1004 fun·

503 1044 653 1129 gebatur.
701 1047 774 1108 Hoc
789 1058 896 1107 autem
912 1064 950 1106 ea
965 1044 1088 1106 ratione
1103 1041 1268 1105 nitebatur
1288 1038 1467 1119 ostendere,

505 1144 594 1231 quod
610 1144 756 1209 Adelicia
771 1156 915 1209 sanctum
933 1144 1037 1207 virum
1063 1142 1246 1207 Albericum
1268 1139 1464 1227 Apostolicae

505 1244 590 1310 sedis
604 1246 637 1309 in
654 1245 769 1331 Angiia
781 1245 936 1330 legatum,
948 1267 1051 1330 quum
1066 1267 1086 1308 a
1100 1244 1217 1308 marito
1227 1242 1464 1319 excluderetur,

501 1344 594 1421 adiit,
610 1357 720 1431 petens
730 1345 791 1409 sibi
803 1368 900 1430 super
911 1344 1029 1430 injuria
1041 1367 1060 1408 a
1071 1342 1186 1408 marito
1197 1353 1230 1407 et
1241 1341 1461 1407 archidiacono

501 1444 591 1510 iliata
600 1445 761 1531 justitiam
776 1445 938 1510 exhiberi:
963 1468 1063 1532 quum
1079 1468 1119 1509 ex
1134 1445 1256 1509 ratione
1275 1459 1458 1528 temporum

503 1557 638 1626 constet,
663 1547 751 1633 quod
777 1546 927 1611 dominus
953 1546 1183 1612 Wintoniensis
1207 1545 1346 1631 primum
1377 1544 1462 1629 lega-

503 1648 599 1711 tionis
623 1647 763 1713 officium
789 1661 902 1712 nactus
928 1647 969 1713 sit
995 1660 1067 1733 post
1091 1646 1213 1711 exitum
1236 1669 1255 1710 a
1276 1646 1368 1709 nobis
1389 1647 1459 1732 jam

502 1747 579 1813 dicti
588 1747 726 1834 episcopi
734 1748 899 1813 Ostiensis.
935 1747 1064 1811 Exinde
1076 1768 1153 1809 vero
1163 1767 1265 1832 quum
1272 1744 1341 1828 jam
1352 1744 1460 1809 dictus

503 1849 736 1914 wintoniensis
751 1849 782 1912 in
795 1850 917 1935 synodo
930 1848 1156 1923 Loudoniensi,
1169 1858 1207 1910 ut
1223 1845 1307 1910 sedis
1319 1847 1461 1911 vacantis

502 1949 649 2035 impleret
660 1948 810 2025 officium,
818 1945 1194 2035 praesideret,saepedicta
1204 1945 1463 2032 Adeliciapalam

500 2050 625 2137 prolato
640 2049 737 2134 legati
751 2050 913 2127 mandato,
928 2049 1017 2136 quod
1035 2049 1231 2125 obtinuerat,
1248 2046 1341 2133 petiit
1361 2070 1458 2135 super

500 2150 551 2214 his
579 2151 701 2236 quibus
733 2150 775 2215 ab
802 2151 1024 2215 archidiacono
1052 2163 1084 2215 et
1114 2173 1133 2214 a
1162 2152 1277 2215 marito
1306 2148 1459 2235 injuriata

499 2251 615 2329 suerat,
639 2251 777 2338 justitiae
806 2252 1076 2339 supplementum,
1105 2251 1180 2316 licet
1208 2249 1390 2337 iniquitatis
1425 2264 1458 2315 et

498 2363 700 2437 acceptarum
726 2351 869 2418 sordium
893 2352 1020 2439 pondus
1046 2353 1090 2417 sic
1111 2351 1288 2438 judicantis
1312 2350 1456 2415 animum

496 2450 711 2536 depressisset,
735 2466 773 2518 ut
801 2475 859 2517 nec
887 2452 1028 2528 domino,
1057 2476 1116 2518 nec
1145 2453 1251 2539 legato
1280 2452 1452 2517 mandante

496 2566 602 2639 posset
616 2554 697 2638 erigi
712 2554 753 2619 ad
764 2554 925 2640 justitiam
940 2555 1162 2619 exhibendam.
1207 2553 1450 2620 Matrimonium

497 2677 573 2720 vcro
594 2656 684 2744 prius
706 2656 790 2721 iuter
811 2656 1009 2723 willelmum
1033 2669 1067 2722 et
1089 2656 1263 2721 Albredam
1285 2655 1336 2719 vel
1358 2677 1398 2719 ex
1418 2680 1457 2721 eo

496 2779 560 2822 non
585 2773 783 2825 contractum
809 2782 876 2826 esse
899 2758 1075 2837 constabat,
1098 2758 1185 2845 quod
1209 2771 1287 2823 tunc
1312 2760 1452 2844 primum

494 2863 655 2940 intereos,
671 2863 766 2928 etiam
787 2862 1043 2947 sponsalitiorum
1071 2861 1253 2926 solemnitas
1267 2861 1300 2924 in
1321 2859 1460 2947 ecclesia

442 3037 445 3044 ¹
494 2974 527 3027 et
555 2964 742 3052 nuptiarum
772 2968 853 3029 ritus
883 2965 915 3027 in
947 2963 1059 3049 populi
1085 2963 1248 3027 audientia
1271 2962 1454 3027 solemniter

494 3064 671 3128 celebratus
694 3077 753 3141 est,
776 3063 906 3148 quando
931 3086 988 3149 per
1010 3063 1156 3128 fraudem
1178 3062 1328 3149 jamdicti
1350 3062 1452 3127 archi-

493 3162 616 3227 diaconi
632 3177 663 3227 et
679 3163 818 3248 episcopi
841 3163 1085 3239 wintoniensis,
1101 3186 1184 3228 uxor
1201 3186 1221 3227 a
1240 3163 1354 3228 marito
1378 3186 1451 3250 pro·

488 3264 576 3349 jecta
601 3278 660 3341 est,
682 3279 714 3330 et
737 3264 834 3348 hujus
856 3263 985 3349 quidem
1011 3264 1056 3328 rei
1083 3277 1180 3328 testes
1206 3263 1449 3350 praesentialiter

489 3366 693 3449 apparebant.
739 3364 817 3428 Fuit
831 3387 919 3450 ergo,
934 3378 970 3430 ut
985 3365 1123 3446 dicebat,
1137 3379 1193 3430 aut
1210 3365 1250 3429 de
1272 3367 1368 3446 facto,
1388 3380 1446 3431 aut

490 3465 530 3529 de
547 3466 622 3553 jure
641 3465 730 3531 nulla
752 3467 919 3543 sententia,
937 3491 1000 3552 qua
1021 3469 1136 3532 absens
1156 3467 1365 3532 condemnata
1387 3479 1448 3545 est,

489 3589 552 3630 non
571 3581 755 3650 contumax,
776 3566 832 3631 sed
853 3568 1037 3649 indecitata,
1059 3592 1161 3656 quum
1184 3581 1307 3634 constet
1323 3580 1447 3633 senten-

489 3671 566 3734 tiam
585 3670 663 3734 nihil
685 3671 801 3734 habere
821 3669 1034 3748 fortitudinis,
1049 3694 1121 3757 qnae
1142 3684 1253 3735 contra
1274 3670 1444 3735 solemnem

489 3771 631 3837 ordinem
653 3772 849 3859 judiciorum
881 3771 947 3836 lata
970 3784 1027 3836 est.
1073 3772 1261 3857 Replicabat
1286 3784 1319 3837 et
1345 3772 1449 3837 muita

487 3870 528 3935 de
552 3874 720 3959 privilegio
744 3895 950 3959 personarum
975 3885 1008 3937 et
1032 3873 1212 3958 ignorantia
1233 3873 1319 3959 juris
1343 3895 1445 3956 quum

487 3976 671 4057 parentibus
693 3990 749 4039 aut
772 3988 904 4062 propter
926 3973 1050 4039 militiae
1072 3975 1248 4060 cingulum,
1271 3987 1327 4038 aut
1351 3996 1445 4037 sexus

486 4072 701 4139 infirmitatem
717 4076 829 4140 liceret
844 4077 1001 4160 ignorare,
1018 4077 1097 4142 iliud
1114 4077 1231 4142 habere
1248 4075 1311 4138 vim
1333 4074 1446 4159 conju-

486 4169 530 4255 gii
554 4170 642 4256 qnod
662 4173 803 4258 conjugii
827 4175 979 4258 proecedit
1001 4176 1138 4253 initium,
1158 4175 1248 4261 quod
1271 4198 1310 4238 ex
1332 4187 1442 4238 aucto-

485 4273 579 4337 ritate
593 4273 700 4359 legum
718 4288 750 4340 et
773 4296 942 4352 canonum,
965 4299 1028 4340 non
1049 4278 1090 4341 ad
1110 4277 1304 4342 matrimonii
1324 4297 1442 4339 nexum

482 4373 653 4457 convaluit,
668 4376 754 4459 quod
771 4375 876 4462 prisca
889 4378 1087 4442 consuetudo
1102 4379 1189 4465 apud
1213 4399 1271 4441 nos
1287 4377 1442 4441 hactenus
