<?xml version="1.0" encoding="UTF-8"?>
<!DOCTYPE html PUBLIC "-//W3C//DTD XHTML 1.0 Transitional//EN"
    "http://www.w3.org/TR/xhtml1/DTD/xhtml1-transitional.dtd">
<html xmlns="http://www.w3.org/1999/xhtml" xml:lang="en" lang="en">
 <head>
  <title>
</title>
<meta http-equiv="Content-Type" content="text/html;charset=utf-8" />
  <meta name='ocr-system' content='tesseract 3.04.00' />
  <meta name='ocr-capabilities' content='ocr_page ocr_carea ocr_par ocr_line ocrx_word'/>
</head>
<body>
  <div class='ocr_page' id='page_1' title='image "./operaomnianuncp03johngoog_0228.png"; bbox 0 0 3667 5475; ppageno 0'>
   <div class='ocr_carea' id='block_1_1' title="bbox 497 747 1451 821">
    <p class='ocr_par' dir='ltr' id='par_1_1' title="bbox 497 747 1451 821">
     <span class='ocr_line' id='line_1_1' title="bbox 497 747 1451 821; baseline 0.004 -14"><span class='ocrx_word' id='word_1_1' title='bbox 497 747 560 809; x_wconf 72' lang='lat'>208</span> <span class='ocrx_word' id='word_1_2' title='bbox 659 811 662 816; x_wconf 77' lang='grc'><strong>,</strong></span> <span class='ocrx_word' id='word_1_3' title='bbox 755 763 890 807; x_wconf 77' lang='lat' dir='ltr'>rouums</span> <span class='ocrx_word' id='word_1_4' title='bbox 907 760 1184 807; x_wconf 80' lang='lat' dir='ltr'>saauseumuusts</span> <span class='ocrx_word' id='word_1_5' title='bbox 1354 748 1400 821; x_wconf 78' lang='lat' dir='ltr'>[a.</span> <span class='ocrx_word' id='word_1_6' title='bbox 1418 768 1451 815; x_wconf 84' lang='lat' dir='ltr'>n.</span> 
     </span>
    </p>
   </div>
   <div class='ocr_carea' id='block_1_2' title="bbox 417 914 1457 4451">
    <p class='ocr_par' dir='ltr' id='par_1_2' title="bbox 417 914 1457 4451">
     <span class='ocr_line' id='line_1_2' title="bbox 492 914 1450 999; baseline 0.003 -21"><span class='ocrx_word' id='word_1_7' title='bbox 492 936 619 983; x_wconf 71' lang='lat' dir='ltr'>narem:</span> <span class='ocrx_word' id='word_1_8' title='bbox 644 914 730 997; x_wconf 88' lang='lat' dir='ltr'>quod</span> <span class='ocrx_word' id='word_1_9' title='bbox 744 935 840 996; x_wconf 88' lang='lat' dir='ltr'>quam</span> <span class='ocrx_word' id='word_1_10' title='bbox 853 914 981 976; x_wconf 80' lang='lat' dir='ltr'>difficile</span> <span class='ocrx_word' id='word_1_11' title='bbox 995 915 1045 989; x_wconf 84' lang='lat' dir='ltr'>sit,</span> <span class='ocrx_word' id='word_1_12' title='bbox 1058 929 1111 975; x_wconf 88' lang='lat' dir='ltr'>aut</span> <span class='ocrx_word' id='word_1_13' title='bbox 1122 916 1228 997; x_wconf 89' lang='lat' dir='ltr'>potius</span> <span class='ocrx_word' id='word_1_14' title='bbox 1239 916 1450 999; x_wconf 89' lang='lat' dir='ltr'>impossibile,</span> 
     </span>
     <span class='ocr_line' id='line_1_3' title="bbox 493 1014 1449 1098; baseline 0.003 -19"><span class='ocrx_word' id='word_1_15' title='bbox 493 1016 587 1080; x_wconf 82' lang='lat' dir='ltr'>facile</span> <span class='ocrx_word' id='word_1_16' title='bbox 607 1014 778 1098; x_wconf 81' lang='lat' dir='ltr'>perpendit</span> <span class='ocrx_word' id='word_1_17' title='bbox 798 1015 966 1096; x_wconf 85' lang='lat' dir='ltr'>prudentia</span> <span class='ocrx_word' id='word_1_18' title='bbox 985 1027 1100 1089; x_wconf 82' lang='lat' dir='ltr'>vestra,</span> <span class='ocrx_word' id='word_1_19' title='bbox 1116 1016 1208 1097; x_wconf 84' lang='lat' dir='ltr'>cujus</span> <span class='ocrx_word' id='word_1_20' title='bbox 1228 1018 1449 1082; x_wconf 86' lang='lat' dir='ltr'>acutissimum</span> 
     </span>
     <span class='ocr_line' id='line_1_4' title="bbox 491 1114 1450 1199; baseline 0.002 -21"><span class='ocrx_word' id='word_1_21' title='bbox 491 1114 669 1197; x_wconf 84' lang='lat' dir='ltr'>ingenium,</span> <span class='ocrx_word' id='word_1_22' title='bbox 697 1114 840 1195; x_wconf 87' lang='lat' dir='ltr'>liugnam</span> <span class='ocrx_word' id='word_1_23' title='bbox 871 1114 911 1176; x_wconf 91' lang='lat' dir='ltr'>ad</span> <span class='ocrx_word' id='word_1_24' title='bbox 943 1115 1081 1177; x_wconf 88' lang='lat' dir='ltr'>dicenda</span> <span class='ocrx_word' id='word_1_25' title='bbox 1114 1117 1221 1179; x_wconf 87' lang='lat' dir='ltr'>omnia</span> <span class='ocrx_word' id='word_1_26' title='bbox 1251 1118 1450 1199; x_wconf 82' lang='lat' dir='ltr'>expeditam,</span> 
     </span>
     <span class='ocr_line' id='line_1_5' title="bbox 492 1216 1450 1300; baseline 0.006 -20"><span class='ocrx_word' id='word_1_27' title='bbox 492 1217 745 1300; x_wconf 81' lang='lat' dir='ltr'>capacissimam,</span> <span class='ocrx_word' id='word_1_28' title='bbox 758 1230 790 1278; x_wconf 90' lang='lat' dir='ltr'>et</span> <span class='ocrx_word' id='word_1_29' title='bbox 807 1216 1038 1279; x_wconf 81' lang='lat' dir='ltr'>tenacissimam</span> <span class='ocrx_word' id='word_1_30' title='bbox 1052 1218 1236 1281; x_wconf 86' lang='lat' dir='ltr'>memoriam</span> <span class='ocrx_word' id='word_1_31' title='bbox 1250 1233 1327 1282; x_wconf 89' lang='lat' dir='ltr'>aetas</span> <span class='ocrx_word' id='word_1_32' title='bbox 1338 1234 1450 1286; x_wconf 85' lang='lat' dir='ltr'>nostra</span> 
     </span>
     <span class='ocr_line' id='line_1_6' title="bbox 492 1317 1449 1400; baseline 0.003 -20"><span class='ocrx_word' id='word_1_33' title='bbox 492 1327 600 1400; x_wconf 90' lang='lat' dir='ltr'>stupet</span> <span class='ocrx_word' id='word_1_34' title='bbox 615 1329 647 1380; x_wconf 91' lang='lat' dir='ltr'>et</span> <span class='ocrx_word' id='word_1_35' title='bbox 662 1327 837 1379; x_wconf 90' lang='lat' dir='ltr'>veneratur.</span> <span class='ocrx_word' id='word_1_36' title='bbox 876 1317 962 1378; x_wconf 88' lang='lat' dir='ltr'>Nam</span> <span class='ocrx_word' id='word_1_37' title='bbox 979 1328 1013 1378; x_wconf 89' lang='lat' dir='ltr'>ut</span> <span class='ocrx_word' id='word_1_38' title='bbox 1028 1318 1073 1378; x_wconf 89' lang='lat' dir='ltr'>ait</span> <span class='ocrx_word' id='word_1_39' title='bbox 1089 1320 1291 1399; x_wconf 70' lang='lat' dir='ltr'>Apuleius‘iu</span> <span class='ocrx_word' id='word_1_40' title='bbox 1311 1319 1390 1382; x_wconf 90' lang='lat' dir='ltr'>libro</span> <span class='ocrx_word' id='word_1_41' title='bbox 1408 1320 1449 1383; x_wconf 92' lang='lat' dir='ltr'>de</span> 
     </span>
     <span class='ocr_line' id='line_1_7' title="bbox 492 1418 1449 1501; baseline 0.003 -20"><span class='ocrx_word' id='word_1_42' title='bbox 492 1418 566 1481; x_wconf 91' lang='lat' dir='ltr'>Deo</span> <span class='ocrx_word' id='word_1_43' title='bbox 585 1418 735 1490; x_wconf 86' lang='lat' dir='ltr'>Socratis,</span> <span class='ocrx_word' id='word_1_44' title='bbox 756 1418 883 1480; x_wconf 89' lang='lat' dir='ltr'>laudem</span> <span class='ocrx_word' id='word_1_45' title='bbox 908 1419 1080 1480; x_wconf 84' lang='lat' dir='ltr'>celeritatis</span> <span class='ocrx_word' id='word_1_46' title='bbox 1103 1420 1197 1481; x_wconf 90' lang='lat' dir='ltr'>simul</span> <span class='ocrx_word' id='word_1_47' title='bbox 1221 1432 1253 1481; x_wconf 91' lang='lat' dir='ltr'>et</span> <span class='ocrx_word' id='word_1_48' title='bbox 1274 1420 1449 1501; x_wconf 86' lang='lat' dir='ltr'>diligentiae</span> 
     </span>
     <span class='ocr_line' id='line_1_8' title="bbox 492 1518 1457 1603; baseline -0.002 -20"><span class='ocrx_word' id='word_1_49' title='bbox 492 1521 600 1583; x_wconf 89' lang='lat' dir='ltr'>nullus</span> <span class='ocrx_word' id='word_1_50' title='bbox 612 1520 801 1601; x_wconf 86' lang='lat' dir='ltr'>assequitur,</span> <span class='ocrx_word' id='word_1_51' title='bbox 808 1518 863 1580; x_wconf 91' lang='lat' dir='ltr'>sed</span> <span class='ocrx_word' id='word_1_52' title='bbox 876 1529 905 1581; x_wconf 92' lang='lat' dir='ltr'>et</span> <span class='ocrx_word' id='word_1_53' title='bbox 919 1518 1084 1599; x_wconf 85' lang='lat' dir='ltr'>grandium</span> <span class='ocrx_word' id='word_1_54' title='bbox 1095 1522 1244 1582; x_wconf 88' lang='lat' dir='ltr'>librorum</span> <span class='ocrx_word' id='word_1_55' title='bbox 1259 1543 1369 1603; x_wconf 85' lang='lat' dir='ltr'>graves</span> <span class='ocrx_word' id='word_1_56' title='bbox 1381 1543 1457 1587; x_wconf 87' lang='lat' dir='ltr'>ma-.</span> 
     </span>
     <span class='ocr_line' id='line_1_9' title="bbox 494 1618 1449 1706; baseline 0.003 -22"><span class='ocrx_word' id='word_1_57' title='bbox 494 1622 580 1685; x_wconf 83' lang='lat' dir='ltr'>teriae</span> <span class='ocrx_word' id='word_1_58' title='bbox 595 1621 629 1683; x_wconf 92' lang='lat' dir='ltr'>iu</span> <span class='ocrx_word' id='word_1_59' title='bbox 645 1620 780 1684; x_wconf 90' lang='lat' dir='ltr'>eandem</span> <span class='ocrx_word' id='word_1_60' title='bbox 796 1618 984 1683; x_wconf 89' lang='lat' dir='ltr'>schedulam</span> <span class='ocrx_word' id='word_1_61' title='bbox 1001 1623 1089 1685; x_wconf 88' lang='lat' dir='ltr'>nulla</span> <span class='ocrx_word' id='word_1_62' title='bbox 1112 1644 1262 1706; x_wconf 89' lang='lat' dir='ltr'>umquam</span> <span class='ocrx_word' id='word_1_63' title='bbox 1278 1623 1449 1704; x_wconf 85' lang='lat' dir='ltr'>diligentia</span> 
     </span>
     <span class='ocr_line' id='line_1_10' title="bbox 493 1720 1449 1806; baseline 0.003 -21"><span class='ocrx_word' id='word_1_64' title='bbox 493 1723 751 1805; x_wconf 87' lang='lat' dir='ltr'>compinguntur.</span> <span class='ocrx_word' id='word_1_65' title='bbox 784 1720 866 1783; x_wconf 94' lang='lat' dir='ltr'>Nam</span> <span class='ocrx_word' id='word_1_66' title='bbox 884 1722 924 1783; x_wconf 92' lang='lat' dir='ltr'>de</span> <span class='ocrx_word' id='word_1_67' title='bbox 940 1720 1050 1805; x_wconf 89' lang='lat' dir='ltr'>primis</span> <span class='ocrx_word' id='word_1_68' title='bbox 1061 1723 1185 1785; x_wconf 88' lang='lat' dir='ltr'>duabus</span> <span class='ocrx_word' id='word_1_69' title='bbox 1201 1724 1449 1806; x_wconf 87' lang='lat' dir='ltr'>quaestionibus,</span> 
     </span>
     <span class='ocr_line' id='line_1_11' title="bbox 491 1823 1446 1903; baseline 0 -14"><span class='ocrx_word' id='word_1_70' title='bbox 491 1825 532 1889; x_wconf 92' lang='lat' dir='ltr'>de</span> <span class='ocrx_word' id='word_1_71' title='bbox 556 1848 687 1890; x_wconf 91' lang='lat' dir='ltr'>numero</span> <span class='ocrx_word' id='word_1_72' title='bbox 713 1823 838 1887; x_wconf 89' lang='lat' dir='ltr'>scilicet</span> <span class='ocrx_word' id='word_1_73' title='bbox 862 1823 1016 1886; x_wconf 90' lang='lat' dir='ltr'>librorum</span> <span class='ocrx_word' id='word_1_74' title='bbox 1042 1837 1074 1886; x_wconf 93' lang='lat' dir='ltr'>et</span> <span class='ocrx_word' id='word_1_75' title='bbox 1106 1827 1292 1889; x_wconf 87' lang='lat' dir='ltr'>auctoribus</span> <span class='ocrx_word' id='word_1_76' title='bbox 1323 1848 1446 1903; x_wconf 91' lang='lat' dir='ltr'>eorum,</span> 
     </span>
     <span class='ocr_line' id='line_1_12' title="bbox 493 1928 1446 2011; baseline -0.006 -14"><span class='ocrx_word' id='word_1_77' title='bbox 493 1930 704 1997; x_wconf 80' lang='lat' dir='ltr'>Cassiodorus</span> <span class='ocrx_word' id='word_1_78' title='bbox 716 1929 891 2007; x_wconf 83' lang='lat' dir='ltr'>elegantem</span> <span class='ocrx_word' id='word_1_79' title='bbox 910 1928 1089 2008; x_wconf 86' lang='lat' dir='ltr'>composuit</span> <span class='ocrx_word' id='word_1_80' title='bbox 1100 1928 1232 1990; x_wconf 91' lang='lat' dir='ltr'>librum:</span> <span class='ocrx_word' id='word_1_81' title='bbox 1255 1928 1312 1991; x_wconf 92' lang='lat' dir='ltr'>sed</span> <span class='ocrx_word' id='word_1_82' title='bbox 1323 1929 1399 2011; x_wconf 89' lang='lat' dir='ltr'>quia</span> <span class='ocrx_word' id='word_1_83' title='bbox 1414 1930 1446 1991; x_wconf 91' lang='lat' dir='ltr'>iu</span> 
     </span>
     <span class='ocr_line' id='line_1_13' title="bbox 491 2028 1447 2114; baseline -0.002 -19"><span class='ocrx_word' id='word_1_84' title='bbox 491 2033 552 2096; x_wconf 88' lang='lat' dir='ltr'>hac</span> <span class='ocrx_word' id='word_1_85' title='bbox 569 2042 661 2114; x_wconf 91' lang='lat' dir='ltr'>parte</span> <span class='ocrx_word' id='word_1_86' title='bbox 682 2029 761 2091; x_wconf 86' lang='lat' dir='ltr'>fides</span> <span class='ocrx_word' id='word_1_87' title='bbox 778 2048 849 2091; x_wconf 89' lang='lat' dir='ltr'>mea</span> <span class='ocrx_word' id='word_1_88' title='bbox 869 2028 1046 2103; x_wconf 89' lang='lat' dir='ltr'>discutitur,</span> <span class='ocrx_word' id='word_1_89' title='bbox 1061 2050 1133 2091; x_wconf 90' lang='lat' dir='ltr'>mea</span> <span class='ocrx_word' id='word_1_90' title='bbox 1153 2031 1202 2091; x_wconf 90' lang='lat' dir='ltr'>vel</span> <span class='ocrx_word' id='word_1_91' title='bbox 1225 2030 1359 2092; x_wconf 88' lang='lat' dir='ltr'>aliorum</span> <span class='ocrx_word' id='word_1_92' title='bbox 1380 2053 1447 2099; x_wconf 91' lang='lat' dir='ltr'>non</span> 
     </span>
     <span class='ocr_line' id='line_1_14' title="bbox 491 2129 1448 2212; baseline -0.001 -16"><span class='ocrx_word' id='word_1_93' title='bbox 491 2136 626 2196; x_wconf 90' lang='lat' dir='ltr'>multum</span> <span class='ocrx_word' id='word_1_94' title='bbox 650 2129 803 2193; x_wconf 88' lang='lat' dir='ltr'>interesse</span> <span class='ocrx_word' id='word_1_95' title='bbox 829 2130 973 2205; x_wconf 90' lang='lat' dir='ltr'>arbitror,</span> <span class='ocrx_word' id='word_1_96' title='bbox 996 2130 1075 2212; x_wconf 91' lang='lat' dir='ltr'>quid</span> <span class='ocrx_word' id='word_1_97' title='bbox 1097 2130 1260 2193; x_wconf 84' lang='lat' dir='ltr'>credatur:</span> <span class='ocrx_word' id='word_1_98' title='bbox 1291 2133 1338 2194; x_wconf 91' lang='lat' dir='ltr'>sic</span> <span class='ocrx_word' id='word_1_99' title='bbox 1362 2135 1448 2195; x_wconf 82' lang='lat' dir='ltr'>enirn</span> 
     </span>
     <span class='ocr_line' id='line_1_15' title="bbox 492 2232 1449 2317; baseline 0 -20"><span class='ocrx_word' id='word_1_100' title='bbox 492 2236 555 2297; x_wconf 89' lang='lat' dir='ltr'>hoc</span> <span class='ocrx_word' id='word_1_101' title='bbox 578 2233 733 2303; x_wconf 89' lang='lat' dir='ltr'>credatur,</span> <span class='ocrx_word' id='word_1_102' title='bbox 750 2253 788 2293; x_wconf 91' lang='lat' dir='ltr'>an</span> <span class='ocrx_word' id='word_1_103' title='bbox 813 2232 914 2309; x_wconf 87' lang='lat' dir='ltr'>aliter,</span> <span class='ocrx_word' id='word_1_104' title='bbox 930 2234 1052 2294; x_wconf 92' lang='lat' dir='ltr'>nullum</span> <span class='ocrx_word' id='word_1_105' title='bbox 1074 2234 1186 2296; x_wconf 89' lang='lat' dir='ltr'>salutis</span> <span class='ocrx_word' id='word_1_106' title='bbox 1209 2236 1298 2297; x_wconf 86' lang='lat' dir='ltr'>affert</span> <span class='ocrx_word' id='word_1_107' title='bbox 1317 2233 1449 2317; x_wconf 88' lang='lat' dir='ltr'>dispeu-</span> 
     </span>
     <span class='ocr_line' id='line_1_16' title="bbox 492 2332 1449 2417; baseline 0.004 -22"><span class='ocrx_word' id='word_1_108' title='bbox 492 2333 591 2396; x_wconf 90' lang='lat' dir='ltr'>dium.</span> <span class='ocrx_word' id='word_1_109' title='bbox 630 2334 670 2394; x_wconf 93' lang='lat' dir='ltr'>In</span> <span class='ocrx_word' id='word_1_110' title='bbox 685 2354 723 2394; x_wconf 91' lang='lat' dir='ltr'>eo</span> <span class='ocrx_word' id='word_1_111' title='bbox 739 2345 844 2394; x_wconf 89' lang='lat' dir='ltr'>autern</span> <span class='ocrx_word' id='word_1_112' title='bbox 859 2332 946 2415; x_wconf 90' lang='lat' dir='ltr'>quod</span> <span class='ocrx_word' id='word_1_113' title='bbox 961 2354 1021 2395; x_wconf 90' lang='lat' dir='ltr'>nec</span> <span class='ocrx_word' id='word_1_114' title='bbox 1038 2335 1142 2397; x_wconf 73' lang='lat' dir='ltr'>obest,</span> <span class='ocrx_word' id='word_1_115' title='bbox 1156 2355 1216 2396; x_wconf 89' lang='lat' dir='ltr'>uec</span> <span class='ocrx_word' id='word_1_116' title='bbox 1233 2335 1376 2417; x_wconf 81' lang='lat' dir='ltr'>prodest,</span> <span class='ocrx_word' id='word_1_117' title='bbox 1392 2346 1449 2416; x_wconf 85' lang='lat' dir='ltr'>ant</span> 
     </span>
     <span class='ocr_line' id='line_1_17' title="bbox 490 2435 1446 2517; baseline 0.002 -20"><span class='ocrx_word' id='word_1_118' title='bbox 490 2436 524 2497; x_wconf 88' lang='lat' dir='ltr'>in</span> <span class='ocrx_word' id='word_1_119' title='bbox 554 2436 704 2497; x_wconf 89' lang='lat' dir='ltr'>alterutro</span> <span class='ocrx_word' id='word_1_120' title='bbox 733 2455 844 2517; x_wconf 90' lang='lat' dir='ltr'>parum</span> <span class='ocrx_word' id='word_1_121' title='bbox 870 2435 1025 2495; x_wconf 90' lang='lat' dir='ltr'>momenti</span> <span class='ocrx_word' id='word_1_122' title='bbox 1051 2437 1142 2497; x_wconf 85' lang='lat' dir='ltr'>affert</span> <span class='ocrx_word' id='word_1_123' title='bbox 1167 2435 1272 2497; x_wconf 86' lang='lat' dir='ltr'>acrius</span> <span class='ocrx_word' id='word_1_124' title='bbox 1301 2438 1446 2517; x_wconf 87' lang='lat' dir='ltr'>litigare:</span> 
     </span>
     <span class='ocr_line' id='line_1_18' title="bbox 491 2535 1447 2619; baseline 0.006 -21"><span class='ocrx_word' id='word_1_125' title='bbox 491 2557 597 2599; x_wconf 89' lang='lat' dir='ltr'>nonne</span> <span class='ocrx_word' id='word_1_126' title='bbox 619 2535 704 2599; x_wconf 91' lang='lat' dir='ltr'>idem</span> <span class='ocrx_word' id='word_1_127' title='bbox 730 2545 778 2597; x_wconf 89' lang='lat' dir='ltr'>est</span> <span class='ocrx_word' id='word_1_128' title='bbox 805 2556 842 2597; x_wconf 86' lang='lat' dir='ltr'>ae</span> <span class='ocrx_word' id='word_1_129' title='bbox 868 2536 895 2596; x_wconf 93' lang='lat' dir='ltr'>si</span> <span class='ocrx_word' id='word_1_130' title='bbox 917 2535 957 2597; x_wconf 91' lang='lat' dir='ltr'>de</span> <span class='ocrx_word' id='word_1_131' title='bbox 979 2537 1053 2598; x_wconf 87' lang='lat' dir='ltr'>lana</span> <span class='ocrx_word' id='word_1_132' title='bbox 1076 2537 1206 2619; x_wconf 88' lang='lat' dir='ltr'>caprina</span> <span class='ocrx_word' id='word_1_133' title='bbox 1227 2538 1310 2599; x_wconf 90' lang='lat' dir='ltr'>inter</span> <span class='ocrx_word' id='word_1_134' title='bbox 1325 2538 1447 2603; x_wconf 87' lang='lat' dir='ltr'>amicos</span> 
     </span>
     <span class='ocr_line' id='line_1_19' title="bbox 492 2634 1447 2716; baseline -0.001 -14"><span class='ocrx_word' id='word_1_135' title='bbox 492 2638 635 2702; x_wconf 87' lang='lat' dir='ltr'>acerbius</span> <span class='ocrx_word' id='word_1_136' title='bbox 651 2634 884 2699; x_wconf 86' lang='lat' dir='ltr'>contendatur?</span> <span class='ocrx_word' id='word_1_137' title='bbox 913 2634 1050 2699; x_wconf 84' lang='lat' dir='ltr'>Proinde</span> <span class='ocrx_word' id='word_1_138' title='bbox 1074 2638 1176 2716; x_wconf 87' lang='lat' dir='ltr'>magis</span> <span class='ocrx_word' id='word_1_139' title='bbox 1193 2637 1288 2699; x_wconf 89' lang='lat' dir='ltr'>fidem</span> <span class='ocrx_word' id='word_1_140' title='bbox 1309 2640 1447 2703; x_wconf 87' lang='lat' dir='ltr'>arbitror</span> 
     </span>
     <span class='ocr_line' id='line_1_20' title="bbox 489 2734 1446 2823; baseline 0.002 -21"><span class='ocrx_word' id='word_1_141' title='bbox 489 2741 687 2823; x_wconf 84' lang='lat' dir='ltr'>impugnare,</span> <span class='ocrx_word' id='word_1_142' title='bbox 699 2736 725 2799; x_wconf 91' lang='lat' dir='ltr'>si</span> <span class='ocrx_word' id='word_1_143' title='bbox 741 2734 813 2821; x_wconf 91' lang='lat' dir='ltr'>quis</span> <span class='ocrx_word' id='word_1_144' title='bbox 828 2738 861 2799; x_wconf 92' lang='lat' dir='ltr'>id</span> <span class='ocrx_word' id='word_1_145' title='bbox 877 2737 918 2799; x_wconf 92' lang='lat' dir='ltr'>de</span> <span class='ocrx_word' id='word_1_146' title='bbox 934 2758 1000 2821; x_wconf 91' lang='lat' dir='ltr'>quo</span> <span class='ocrx_word' id='word_1_147' title='bbox 1015 2758 1078 2799; x_wconf 93' lang='lat' dir='ltr'>non</span> <span class='ocrx_word' id='word_1_148' title='bbox 1095 2748 1231 2816; x_wconf 89' lang='lat' dir='ltr'>constat,</span> <span class='ocrx_word' id='word_1_149' title='bbox 1246 2739 1446 2822; x_wconf 87' lang='lat' dir='ltr'>pervicacius</span> 
     </span>
     <span class='ocr_line' id='line_1_21' title="bbox 490 2840 1445 2924; baseline -0.001 -18"><span class='ocrx_word' id='word_1_150' title='bbox 490 2853 618 2918; x_wconf 86' lang='lat' dir='ltr'>statuat,</span> <span class='ocrx_word' id='word_1_151' title='bbox 634 2843 772 2924; x_wconf 88' lang='lat' dir='ltr'>quamsi</span> <span class='ocrx_word' id='word_1_152' title='bbox 788 2862 806 2902; x_wconf 90' lang='lat' dir='ltr'>a</span> <span class='ocrx_word' id='word_1_153' title='bbox 827 2841 992 2902; x_wconf 89' lang='lat' dir='ltr'>temeraria</span> <span class='ocrx_word' id='word_1_154' title='bbox 1008 2840 1198 2903; x_wconf 89' lang='lat' dir='ltr'>definitione</span> <span class='ocrx_word' id='word_1_155' title='bbox 1218 2841 1395 2918; x_wconf 89' lang='lat' dir='ltr'>abstinens,</span> <span class='ocrx_word' id='word_1_156' title='bbox 1412 2843 1445 2905; x_wconf 92' lang='lat' dir='ltr'>id</span> 
     </span>
     <span class='ocr_line' id='line_1_22' title="bbox 491 2941 1448 3026; baseline -0.001 -19"><span class='ocrx_word' id='word_1_157' title='bbox 491 2945 577 3007; x_wconf 91' lang='lat' dir='ltr'>unde</span> <span class='ocrx_word' id='word_1_158' title='bbox 600 2953 707 3026; x_wconf 89' lang='lat' dir='ltr'>patres</span> <span class='ocrx_word' id='word_1_159' title='bbox 727 2942 893 3004; x_wconf 88' lang='lat' dir='ltr'>dissentire</span> <span class='ocrx_word' id='word_1_160' title='bbox 917 2941 1013 3018; x_wconf 89' lang='lat' dir='ltr'>videt,</span> <span class='ocrx_word' id='word_1_161' title='bbox 1035 2953 1067 3004; x_wconf 91' lang='lat' dir='ltr'>et</span> <span class='ocrx_word' id='word_1_162' title='bbox 1089 2942 1177 3024; x_wconf 93' lang='lat' dir='ltr'>quod</span> <span class='ocrx_word' id='word_1_163' title='bbox 1201 2945 1293 3024; x_wconf 91' lang='lat' dir='ltr'>plene</span> <span class='ocrx_word' id='word_1_164' title='bbox 1317 2945 1448 3006; x_wconf 86' lang='lat' dir='ltr'>investi·</span> 
     </span>
     <span class='ocr_line' id='line_1_23' title="bbox 492 3043 1444 3137; baseline 0 -28"><span class='ocrx_word' id='word_1_165' title='bbox 492 3068 565 3127; x_wconf 88' lang='lat' dir='ltr'>gare</span> <span class='ocrx_word' id='word_1_166' title='bbox 585 3068 649 3108; x_wconf 95' lang='lat' dir='ltr'>non</span> <span class='ocrx_word' id='word_1_167' title='bbox 671 3056 786 3127; x_wconf 86' lang='lat' dir='ltr'>potest,</span> <span class='ocrx_word' id='word_1_168' title='bbox 808 3043 965 3126; x_wconf 89' lang='lat' dir='ltr'>relinquat</span> <span class='ocrx_word' id='word_1_169' title='bbox 987 3043 1153 3137; x_wconf 76' lang='lat' dir='ltr'>incertpm.</span> <span class='ocrx_word' id='word_1_170' title='bbox 1193 3045 1314 3125; x_wconf 91' lang='lat' dir='ltr'>Opinio</span> <span class='ocrx_word' id='word_1_171' title='bbox 1337 3058 1444 3109; x_wconf 89' lang='lat' dir='ltr'>tamen</span> 
     </span>
     <span class='ocr_line' id='line_1_24' title="bbox 489 3145 1444 3228; baseline 0 -19"><span class='ocrx_word' id='word_1_172' title='bbox 489 3147 523 3210; x_wconf 92' lang='lat' dir='ltr'>in</span> <span class='ocrx_word' id='word_1_173' title='bbox 539 3150 667 3211; x_wconf 90' lang='lat' dir='ltr'>alteram</span> <span class='ocrx_word' id='word_1_174' title='bbox 688 3156 809 3228; x_wconf 84' lang='lat' dir='ltr'>partem</span> <span class='ocrx_word' id='word_1_175' title='bbox 829 3157 935 3227; x_wconf 88' lang='lat' dir='ltr'>potest</span> <span class='ocrx_word' id='word_1_176' title='bbox 955 3157 986 3206; x_wconf 92' lang='lat' dir='ltr'>et</span> <span class='ocrx_word' id='word_1_177' title='bbox 1001 3145 1098 3208; x_wconf 90' lang='lat' dir='ltr'>debet</span> <span class='ocrx_word' id='word_1_178' title='bbox 1121 3168 1189 3207; x_wconf 92' lang='lat' dir='ltr'>esse</span> <span class='ocrx_word' id='word_1_179' title='bbox 1211 3147 1392 3227; x_wconf 87' lang='lat' dir='ltr'>proclivior,</span> <span class='ocrx_word' id='word_1_180' title='bbox 1410 3157 1444 3209; x_wconf 91' lang='lat' dir='ltr'>ut</span> 
     </span>
     <span class='ocr_line' id='line_1_25' title="bbox 492 3248 1444 3332; baseline 0 -22"><span class='ocrx_word' id='word_1_181' title='bbox 492 3248 578 3332; x_wconf 89' lang='lat' dir='ltr'>quod</span> <span class='ocrx_word' id='word_1_182' title='bbox 595 3249 754 3323; x_wconf 77' lang='lat' dir='ltr'>omnibuS,</span> <span class='ocrx_word' id='word_1_183' title='bbox 768 3257 825 3309; x_wconf 89' lang='lat' dir='ltr'>aut</span> <span class='ocrx_word' id='word_1_184' title='bbox 840 3248 995 3328; x_wconf 63' lang='lat' dir='ltr'>pluribus</span> <span class='ocrx_word' id='word_1_185' title='bbox 1010 3260 1065 3309; x_wconf 90' lang='lat' dir='ltr'>aut</span> <span class='ocrx_word' id='word_1_186' title='bbox 1089 3249 1227 3309; x_wconf 85' lang='lat' dir='ltr'>maxime</span> <span class='ocrx_word' id='word_1_187' title='bbox 1243 3249 1328 3310; x_wconf 93' lang='lat' dir='ltr'>notis</span> <span class='ocrx_word' id='word_1_188' title='bbox 1349 3260 1444 3331; x_wconf 93' lang='lat' dir='ltr'>atque</span> 
     </span>
     <span class='ocr_line' id='line_1_26' title="bbox 489 3348 1441 3432; baseline -0.001 -20"><span class='ocrx_word' id='word_1_189' title='bbox 489 3350 671 3432; x_wconf 87' lang='lat' dir='ltr'>praecipuis,</span> <span class='ocrx_word' id='word_1_190' title='bbox 685 3361 739 3410; x_wconf 91' lang='lat' dir='ltr'>aut</span> <span class='ocrx_word' id='word_1_191' title='bbox 759 3349 814 3410; x_wconf 90' lang='lat' dir='ltr'>uni</span> <span class='ocrx_word' id='word_1_192' title='bbox 838 3348 955 3430; x_wconf 88' lang='lat' dir='ltr'>cuique</span> <span class='ocrx_word' id='word_1_193' title='bbox 974 3349 1108 3430; x_wconf 89' lang='lat' dir='ltr'>probato</span> <span class='ocrx_word' id='word_1_194' title='bbox 1130 3348 1244 3410; x_wconf 90' lang='lat' dir='ltr'>artifici</span> <span class='ocrx_word' id='word_1_195' title='bbox 1265 3350 1441 3411; x_wconf 90' lang='lat' dir='ltr'>secundum</span> 
     </span>
     <span class='ocr_line' id='line_1_27' title="bbox 487 3449 1445 3535; baseline 0 -23"><span class='ocrx_word' id='word_1_196' title='bbox 487 3450 648 3535; x_wconf 90' lang='lat' dir='ltr'>propriam</span> <span class='ocrx_word' id='word_1_197' title='bbox 687 3450 810 3511; x_wconf 85' lang='lat' dir='ltr'>ridetur</span> <span class='ocrx_word' id='word_1_198' title='bbox 847 3449 1047 3521; x_wconf 84' lang='lat' dir='ltr'>facultatem,</span> <span class='ocrx_word' id='word_1_199' title='bbox 1084 3451 1207 3512; x_wconf 86' lang='lat' dir='ltr'>facilius</span> <span class='ocrx_word' id='word_1_200' title='bbox 1248 3450 1445 3527; x_wconf 87' lang='lat' dir='ltr'>admittatur,</span> 
     </span>
     <span class='ocr_line' id='line_1_28' title="bbox 486 3552 1444 3634; baseline -0.001 -18"><span class='ocrx_word' id='word_1_201' title='bbox 486 3554 549 3616; x_wconf 91' lang='lat' dir='ltr'>nisi</span> <span class='ocrx_word' id='word_1_202' title='bbox 563 3553 645 3614; x_wconf 89' lang='lat' dir='ltr'>ratio</span> <span class='ocrx_word' id='word_1_203' title='bbox 661 3553 837 3625; x_wconf 85' lang='lat' dir='ltr'>manifesta,</span> <span class='ocrx_word' id='word_1_204' title='bbox 850 3564 904 3614; x_wconf 90' lang='lat' dir='ltr'>aut</span> <span class='ocrx_word' id='word_1_205' title='bbox 919 3552 1116 3633; x_wconf 89' lang='lat' dir='ltr'>probabilior</span> <span class='ocrx_word' id='word_1_206' title='bbox 1130 3552 1163 3612; x_wconf 92' lang='lat' dir='ltr'>in</span> <span class='ocrx_word' id='word_1_207' title='bbox 1175 3553 1224 3613; x_wconf 93' lang='lat' dir='ltr'>his</span> <span class='ocrx_word' id='word_1_208' title='bbox 1241 3574 1311 3634; x_wconf 88' lang='lat' dir='ltr'>quae</span> <span class='ocrx_word' id='word_1_209' title='bbox 1328 3554 1444 3615; x_wconf 87' lang='lat' dir='ltr'>rationi</span> 
     </span>
     <span class='ocr_line' id='line_1_29' title="bbox 487 3653 1442 3741; baseline -0.004 -21"><span class='ocrx_word' id='word_1_210' title='bbox 487 3656 630 3741; x_wconf 89' lang='lat' dir='ltr'>subjecta</span> <span class='ocrx_word' id='word_1_211' title='bbox 646 3668 730 3727; x_wconf 90' lang='lat' dir='ltr'>sunt,</span> <span class='ocrx_word' id='word_1_212' title='bbox 747 3655 930 3737; x_wconf 91' lang='lat' dir='ltr'>oppositum</span> <span class='ocrx_word' id='word_1_213' title='bbox 948 3653 1064 3715; x_wconf 90' lang='lat' dir='ltr'>doceat</span> <span class='ocrx_word' id='word_1_214' title='bbox 1088 3674 1157 3714; x_wconf 85' lang='lat' dir='ltr'>esse</span> <span class='ocrx_word' id='word_1_215' title='bbox 1174 3675 1299 3716; x_wconf 87' lang='lat' dir='ltr'>verum:</span> <span class='ocrx_word' id='word_1_216' title='bbox 1327 3655 1442 3716; x_wconf 89' lang='lat' dir='ltr'>rationi</span> 
     </span>
     <span class='ocr_line' id='line_1_30' title="bbox 484 3756 1441 3844; baseline -0.005 -22"><span class='ocrx_word' id='word_1_217' title='bbox 484 3781 559 3822; x_wconf 91' lang='lat' dir='ltr'>vero</span> <span class='ocrx_word' id='word_1_218' title='bbox 589 3758 733 3844; x_wconf 88' lang='lat' dir='ltr'>subjecta</span> <span class='ocrx_word' id='word_1_219' title='bbox 767 3756 896 3829; x_wconf 87' lang='lat' dir='ltr'>inserui,</span> <span class='ocrx_word' id='word_1_220' title='bbox 927 3767 1054 3837; x_wconf 89' lang='lat' dir='ltr'>propter</span> <span class='ocrx_word' id='word_1_221' title='bbox 1086 3756 1158 3817; x_wconf 89' lang='lat' dir='ltr'>illos</span> <span class='ocrx_word' id='word_1_222' title='bbox 1196 3756 1357 3833; x_wconf 78' lang='lat' dir='ltr'>articuloS,</span> <span class='ocrx_word' id='word_1_223' title='bbox 1388 3758 1441 3839; x_wconf 92' lang='lat' dir='ltr'>qui</span> 
     </span>
     <span class='ocr_line' id='line_1_31' title="bbox 486 3858 1442 3941; baseline -0.005 -16"><span class='ocrx_word' id='word_1_224' title='bbox 486 3884 612 3925; x_wconf 90' lang='lat' dir='ltr'>ornnem</span> <span class='ocrx_word' id='word_1_225' title='bbox 643 3862 773 3924; x_wconf 90' lang='lat' dir='ltr'>omnino</span> <span class='ocrx_word' id='word_1_226' title='bbox 803 3858 1036 3922; x_wconf 87' lang='lat' dir='ltr'>transcendunt</span> <span class='ocrx_word' id='word_1_227' title='bbox 1065 3859 1233 3935; x_wconf 89' lang='lat' dir='ltr'>rationem,</span> <span class='ocrx_word' id='word_1_228' title='bbox 1262 3860 1295 3919; x_wconf 93' lang='lat' dir='ltr'>in</span> <span class='ocrx_word' id='word_1_229' title='bbox 1326 3859 1442 3941; x_wconf 90' lang='lat' dir='ltr'>quibus</span> 
     </span>
     <span class='ocr_line' id='line_1_32' title="bbox 485 3961 1441 4046; baseline -0.005 -19"><span class='ocrx_word' id='word_1_230' title='bbox 485 3967 583 4027; x_wconf 89' lang='lat' dir='ltr'>stulta</span> <span class='ocrx_word' id='word_1_231' title='bbox 600 3987 668 4027; x_wconf 91' lang='lat' dir='ltr'>esse</span> <span class='ocrx_word' id='word_1_232' title='bbox 690 3964 853 4046; x_wconf 87' lang='lat' dir='ltr'>praeelegit</span> <span class='ocrx_word' id='word_1_233' title='bbox 875 3962 1023 4038; x_wconf 87' lang='lat' dir='ltr'>ecclesia,</span> <span class='ocrx_word' id='word_1_234' title='bbox 1047 3974 1082 4022; x_wconf 92' lang='lat' dir='ltr'>ut</span> <span class='ocrx_word' id='word_1_235' title='bbox 1104 3963 1137 4022; x_wconf 93' lang='lat' dir='ltr'>in</span> <span class='ocrx_word' id='word_1_236' title='bbox 1160 3963 1344 4043; x_wconf 89' lang='lat' dir='ltr'>insipientia</span> <span class='ocrx_word' id='word_1_237' title='bbox 1366 3961 1441 4024; x_wconf 87' lang='lat' dir='ltr'>fidei</span> 
     </span>
     <span class='ocr_line' id='line_1_33' title="bbox 485 4063 1440 4146; baseline -0.003 -19"><span class='ocrx_word' id='word_1_238' title='bbox 485 4065 736 4146; x_wconf 89' lang='lat' dir='ltr'>apprehenderet</span> <span class='ocrx_word' id='word_1_239' title='bbox 752 4065 925 4132; x_wconf 85' lang='lat' dir='ltr'>Christum,</span> <span class='ocrx_word' id='word_1_240' title='bbox 940 4065 1000 4124; x_wconf 88' lang='lat' dir='ltr'>Dei</span> <span class='ocrx_word' id='word_1_241' title='bbox 1017 4063 1175 4140; x_wconf 81' lang='lat' dir='ltr'>virtutem,</span> <span class='ocrx_word' id='word_1_242' title='bbox 1188 4075 1220 4126; x_wconf 92' lang='lat' dir='ltr'>et</span> <span class='ocrx_word' id='word_1_243' title='bbox 1237 4063 1298 4125; x_wconf 88' lang='lat' dir='ltr'>Dei</span> <span class='ocrx_word' id='word_1_244' title='bbox 1316 4064 1440 4145; x_wconf 90' lang='lat' dir='ltr'>sapien·</span> 
     </span>
     <span class='ocr_line' id='line_1_34' title="bbox 417 4163 1441 4248; baseline 0 -21"><span class='ocrx_word' id='word_1_245' title='bbox 417 4178 419 4183; x_wconf 87' lang='lat'>&#39;</span> <span class='ocrx_word' id='word_1_246' title='bbox 485 4166 559 4228; x_wconf 89' lang='lat' dir='ltr'>tiam</span> <span class='ocrx_word' id='word_1_247' title='bbox 576 4187 671 4247; x_wconf 90' lang='lat' dir='ltr'>quam</span> <span class='ocrx_word' id='word_1_248' title='bbox 688 4185 760 4225; x_wconf 90' lang='lat' dir='ltr'>cum</span> <span class='ocrx_word' id='word_1_249' title='bbox 779 4163 981 4246; x_wconf 91' lang='lat' dir='ltr'>philosophis</span> <span class='ocrx_word' id='word_1_250' title='bbox 998 4163 1163 4242; x_wconf 89' lang='lat' dir='ltr'>Gentium,</span> <span class='ocrx_word' id='word_1_251' title='bbox 1176 4166 1231 4248; x_wconf 91' lang='lat' dir='ltr'>qui</span> <span class='ocrx_word' id='word_1_252' title='bbox 1247 4165 1392 4227; x_wconf 90' lang='lat' dir='ltr'>dicentes</span> <span class='ocrx_word' id='word_1_253' title='bbox 1407 4185 1441 4227; x_wconf 89' lang='lat' dir='ltr'>se</span> 
     </span>
     <span class='ocr_line' id='line_1_35' title="bbox 484 4266 1440 4348; baseline -0.001 -21.058"><span class='ocrx_word' id='word_1_254' title='bbox 484 4287 553 4328; x_wconf 88' lang='lat' dir='ltr'>esse</span> <span class='ocrx_word' id='word_1_255' title='bbox 570 4266 729 4348; x_wconf 89' lang='lat' dir='ltr'>sapientes</span> <span class='ocrx_word' id='word_1_256' title='bbox 744 4266 830 4326; x_wconf 91' lang='lat' dir='ltr'>stulti</span> <span class='ocrx_word' id='word_1_257' title='bbox 847 4267 920 4327; x_wconf 85' lang='lat' dir='ltr'>facti</span> <span class='ocrx_word' id='word_1_258' title='bbox 937 4277 1021 4342; x_wconf 90' lang='lat' dir='ltr'>sunt,</span> <span class='ocrx_word' id='word_1_259' title='bbox 1037 4278 1069 4328; x_wconf 93' lang='lat' dir='ltr'>et</span> <span class='ocrx_word' id='word_1_260' title='bbox 1090 4279 1287 4328; x_wconf 86' lang='lat' dir='ltr'>evanuerunt</span> <span class='ocrx_word' id='word_1_261' title='bbox 1303 4266 1336 4326; x_wconf 93' lang='lat' dir='ltr'>in</span> <span class='ocrx_word' id='word_1_262' title='bbox 1354 4267 1440 4346; x_wconf 86' lang='lat' dir='ltr'>cogi·</span> 
     </span>
     <span class='ocr_line' id='line_1_36' title="bbox 439 4366 1440 4451; baseline -0.002 -22"><span class='ocrx_word' id='word_1_263' title='bbox 439 4370 446 4419; x_wconf 72' lang='lat'>¹-</span> <span class='ocrx_word' id='word_1_264' title='bbox 484 4367 658 4430; x_wconf 90' lang='lat' dir='ltr'>tationibus</span> <span class='ocrx_word' id='word_1_265' title='bbox 678 4366 753 4443; x_wconf 85' lang='lat' dir='ltr'>suis,</span> <span class='ocrx_word' id='word_1_266' title='bbox 771 4377 805 4427; x_wconf 93' lang='lat' dir='ltr'>ut</span> <span class='ocrx_word' id='word_1_267' title='bbox 820 4366 969 4430; x_wconf 89' lang='lat' dir='ltr'>darentur</span> <span class='ocrx_word' id='word_1_268' title='bbox 990 4369 1021 4429; x_wconf 90' lang='lat' dir='ltr'>iu</span> <span class='ocrx_word' id='word_1_269' title='bbox 1039 4391 1168 4447; x_wconf 84' lang='lat' dir='ltr'>seuspm</span> <span class='ocrx_word' id='word_1_270' title='bbox 1188 4367 1367 4451; x_wconf 88' lang='lat' dir='ltr'>reprobum,</span> <span class='ocrx_word' id='word_1_271' title='bbox 1384 4388 1440 4450; x_wconf 90' lang='lat' dir='ltr'>per</span> 
     </span>
    </p>
   </div>
   <div class='ocr_carea' id='block_1_3' title="bbox 0 0 1838 5475">
    <p class='ocr_par' dir='ltr' id='par_1_3' title="bbox 0 0 1838 5475">
     <span class='ocr_line' id='line_1_37' title="bbox 0 0 1838 5475; baseline 0 3"><span class='ocrx_word' id='word_1_272' title='bbox 0 0 1838 5475; x_wconf 95' lang='lat' dir='ltr'> </span> 
     </span>
    </p>
   </div>
  </div>
 </body>
</html>
