3667 5475
433 759 454 814 2
690 765 827 811 JOANNts
844 766 1123 813 sinnsnnnrnnsrs
1294 752 1340 832 [A.
1360 773 1395 817 n.

405 981 409 988 .
436 919 611 993 vinculum,
642 941 680 981 ex
719 940 785 1001 quo
821 918 982 981 conveniri
1019 919 1130 1003 possit,
1165 920 1394 988 intercessisse.

437 1020 513 1086 Illos
527 1042 641 1097 ver0,a
656 1018 777 1104 quibus
786 1017 932 1082 monachi
944 1040 977 1081 se
993 1018 1159 1103 praefatam
1176 1021 1394 1106 quantitatem

437 1122 590 1207 recepisse
610 1120 771 1199 dicebant,
785 1119 945 1184 asserebat
962 1122 1031 1206 jam
1052 1119 1148 1186 dictae
1168 1122 1306 1188 ecclesiae
1327 1147 1393 1189 non

435 1224 534 1288 fuisse
556 1244 714 1307 personas,
738 1222 794 1284 sed
819 1220 994 1285 conductos
1021 1221 1210 1301 sacerdotes,
1236 1237 1269 1289 et
1291 1226 1394 1293 eccle·

435 1328 513 1393 siam
541 1339 572 1390 et
598 1326 719 1410 praedia
744 1324 901 1388 instructa
926 1347 945 1387 a
969 1325 1132 1389 monachis
1157 1327 1326 1413 accepisse,
1352 1343 1391 1394 ut

437 1428 579 1514 praefatae
595 1423 754 1514 pensionis
775 1448 899 1490 summa
922 1426 1002 1488 solvi
1025 1436 1139 1512 posset.
1184 1428 1391 1496 Producebat

436 1531 531 1594 etiam
558 1541 654 1593 testes
679 1527 739 1591 hoc
768 1528 873 1611 ipsum
901 1529 1037 1613 probare
1066 1542 1211 1614 paratos:
1242 1522 1388 1615 ipsorum

436 1652 565 1717 quoque
580 1629 806 1693 monachorum
828 1628 1010 1693 testimonio
1029 1630 1193 1707 utebatur,
1208 1644 1319 1695 contra
1335 1656 1389 1697 eos

436 1733 600 1819 proferens
611 1729 1387 1816 scriptum,qn0nobispersuaserunt,praedictum

437 1838 602 1919 segarium
617 1855 678 1895 non
700 1852 864 1914 personam
886 1829 1049 1914 praedictae
1068 1830 1217 1909 ecclesiae,
1233 1832 1289 1895 sed
1304 1833 1391 1898 vica·

436 1930 1110 2019 rium,ipsnmqueconductitiumextitisse.
1127 1936 1392 2000 Praetereaeccle·

437 2038 514 2099 siam
527 2056 617 2099 suam
629 2044 728 2096 tantae
743 2029 943 2117 paupertatis
952 2056 1019 2097 esse
1030 2033 1167 2109 dicebat,
1183 2047 1230 2107 ut,
1241 2034 1391 2103 deductis

436 2135 667 2222 episcopalibus
677 2133 932 2198 etministrorum
940 2137 1124 2200 necessariis
1133 2136 1391 2215 alimentis,onus

437 2238 531 2301 unius
553 2259 668 2300 marcae
683 2236 737 2299 vix
753 2248 860 2320 posset
883 2237 1049 2301 sustinere.
1097 2238 1164 2301 Sibi
1180 2260 1308 2325 quoque
1324 2263 1389 2304 non

435 2339 551 2402 debere
565 2339 686 2417 obesse,
700 2340 725 2402 si
741 2342 867 2402 nomine
888 2338 1028 2402 ecclesiae
1047 2338 1170 2425 aliquid
1193 2341 1390 2427 quandoque

435 2440 555 2505 invitus
565 2440 705 2516 solverit,
717 2462 817 2525 quum
828 2453 859 2503 et
872 2439 1003 2505 ecclesia
1015 2450 1126 2505 utatur
1132 2442 1207 2526 jure
1217 2442 1345 2528 pupilli,
1355 2457 1388 2509 et

434 2543 464 2606 ei
476 2542 628 2606 beneficio
639 2541 770 2604 minoris
781 2542 886 2605 aetatis
897 2540 1011 2607 debeat
1023 2543 1194 2608 subveniri.
1231 2545 1385 2611 Monacbi

434 2666 510 2707 vero
535 2657 664 2729 pactum
696 2642 913 2719 intervenisse,
942 2643 1044 2706 modis
1074 2644 1222 2709 omnibus
1250 2648 1389 2731 probare

371 2810 374 2816 ,
434 2746 630 2822 nitebantur,
647 2744 859 2831 producentes
874 2746 960 2809 viros
975 2746 1093 2831 plures,
1109 2747 1166 2833 qui
1182 2747 1386 2813 assertionem

433 2870 543 2911 eorum
559 2868 617 2912 suo
633 2843 782 2909 volebant
803 2843 984 2908 testimonio
1006 2848 1164 2924 roborare,
1180 2857 1212 2911 et
1234 2846 1386 2932 quoniam

427 2948 678 3034 ,de-paupertate
698 2945 837 3010 ecclesiae
856 2959 1006 3011 causatus
1028 2946 1143 3024 fuerat,
1159 2949 1187 3010 ei
1204 2955 1246 3012 20
1269 2948 1387 3016 solidos

432 3073 554 3113 annuos
564 3050 629 3111 sine
640 3046 724 3109 omni
738 3069 842 3123 onere,
854 3047 932 3111 dum
944 3049 1008 3114 illis
1022 3048 1183 3112 ecclesiam
1201 3049 1242 3114 ad
1259 3062 1388 3137 tempus
1455 3134 1461 3144 κ

432 3149 582 3228 traderet,
598 3146 838 3233 promittebant.
894 3149 1032 3226 Quidam
1056 3171 1131 3210 vero
1146 3151 1288 3214 volentes
1303 3152 1388 3216 inter

432 3275 487 3316 eos
515 3272 713 3336 componere,
746 3257 788 3312 40
817 3250 937 3316 solidos
967 3273 1099 3325 annuos,
1130 3250 1270 3315 deducto
1299 3256 1388 3319 omni

431 3375 537 3429 onere,
553 3351 631 3415 dum
652 3349 715 3413 illis
734 3349 895 3414 ecclesiam
917 3351 1057 3429 cederet,
1073 3351 1259 3429 offerebant,
1280 3358 1386 3437 parati

431 3477 527 3539 super
549 3453 610 3515 hoc
637 3450 768 3513 idoneos
793 3449 996 3536 fidejussores
1019 3453 1104 3516 dare.
1165 3454 1259 3532 Quod
1283 3479 1385 3542 quum

432 3553 636 3620 Humfredus
665 3551 806 3636 recipere
834 3551 1009 3633 videretur,
1035 3556 1146 3620 habito
1176 3556 1387 3624 incontinenti

429 3656 576 3721 advocati
605 3655 654 3718 sui
684 3655 924 3738 amicorumque
954 3657 1096 3735 consilio,
1128 3658 1250 3739 resiliit,
1276 3659 1385 3726 dicens

430 3782 494 3824 non
520 3782 587 3823 esse
610 3770 717 3821 tutum
743 3780 775 3820 se
799 3756 845 3818 eis
867 3756 977 3842 aliquo
998 3758 1094 3822 modo
1111 3782 1177 3823 rem
1203 3784 1290 3825 suam
1312 3783 1385 3825 con-

430 3861 538 3937 fidere,
555 3863 612 3946 qui
627 3881 698 3923 eum
715 3857 843 3921 omnino
859 3858 973 3943 ejicere
998 3859 1227 3926 moliebantur:
1251 3884 1385 3948 praeser-

431 3965 489 4027 tim
516 3986 618 4048 quum
643 3963 684 4025 ab
710 3961 755 4023 eis
784 3971 875 4024 tanto
901 3983 996 4044 opere
1021 3976 1222 4045 gravaretur,
1250 3977 1286 4029 ut
1316 3987 1384 4051 prae

430 4065 543 4129 timore
566 4061 792 4125 monachorum
815 4061 843 4122 ei
866 4063 974 4125 nullus
994 4064 1167 4128 amicorum
1188 4087 1317 4130 suorum
1334 4068 1384 4131 vel

431 4165 560 4229 testium
584 4161 701 4224 audeat
721 4159 876 4236 assistere,
892 4162 948 4224 sed
971 4176 1003 4226 et
1024 4177 1147 4249 patrem
1165 4188 1259 4231 suum
1275 4180 1385 4233 contra

430 4267 534 4351 ipsum
553 4262 659 4326 venire
675 4260 916 4344 compellerent:
943 4264 1028 4328 unde
1044 4265 1084 4329 ad
1100 4281 1238 4332 vestram
1254 4268 1385 4333 audien-

432 4369 505 4431 tiam
522 4361 706 4451 appellavit,
722 4361 804 4425 diem
822 4362 992 4448 praefigens
1008 4366 1125 4431 festum
1143 4369 1347 4455 Epiphaniae,
