3667 5475
480 778 541 835 182
738 791 875 836 ioannis
889 789 1165 836 ssnssasnrssars
1338 774 1385 854 [a.
1403 779 1437 839 o,

480 940 639 1004 ecclesiam
668 940 708 1003 de
735 939 934 1004 Renteberia.
983 941 1156 1003 Transiens
1181 953 1289 1005 autem
1312 940 1353 1004 ad
1381 942 1440 1006 Ll-

481 1040 627 1105 decumb.
640 1054 672 1105 et
686 1041 885 1119 Falesleism,
895 1064 915 1106 a
924 1041 1109 1129 supradicto
1121 1042 1299 1126 Raginaldo
1307 1042 1440 1108 minime

480 1140 637 1205 admissus
651 1155 709 1207 est.
745 1141 921 1226 lmplorato
932 1155 1039 1212 autem
1050 1143 1091 1207 ad
1104 1144 1167 1207 vim
1184 1143 1446 1230 propulsandam>

480 1238 628 1327 prasidio
653 1242 772 1328 judicis
797 1261 899 1329 quum
926 1244 958 1308 in
985 1246 1210 1329 possessionem
1236 1245 1439 1311 inducendus

457 1366 460 1371 ·
480 1344 653 1423 videretur,
665 1345 876 1431 Reginaldus,
887 1346 943 1433 qui
953 1347 1021 1432 jam
1038 1347 1262 1433 possessionem
1275 1349 1441 1430 induerat,

479 1446 521 1510 sd
540 1458 678 1512 nostram
701 1446 895 1512 audientiam
917 1448 1099 1534 appellavit.
1146 1449 1208 1512 Die
1228 1449 1330 1534 igitur
1347 1466 1435 1513 com·

479 1547 595 1633 placita
621 1549 841 1614 assistentibus
865 1549 1013 1635 partibus
1038 1562 1146 1614 nostro
1175 1550 1369 1635 conspectui,
1397 1554 1435 1616 P.

480 1650 629 1727 testibus,
648 1665 681 1715 et
701 1650 921 1715 instrumentis
942 1661 975 1714 et
998 1651 1117 1716 chartis
1140 1653 1207 1715 Ssr.
1229 1652 1381 1738 episcopi,
1401 1664 1435 1717 et

479 1752 661 1817 monasterii
682 1752 973 1816 Ambresberiensis
995 1752 1187 1818 sufficienter
1206 1754 1363 1830 munitus,
1384 1775 1435 1817 ec·

478 1850 588 1916 clesias
602 1852 643 1917 de
658 1851 858 1917 Lidecumba
872 1865 904 1917 et
921 1851 1077 1916 Faleslaia
1094 1872 1166 1917 suas
1181 1874 1259 1928 esse,
1273 1865 1307 1917 et
1327 1873 1360 1916 se
1379 1875 1435 1920 eas

478 1974 536 2037 per
558 1954 597 2017 0.
623 1954 795 2038 possedisse
819 1954 958 2018 dicebat.
1004 1954 1054 2019 Ad
1081 1955 1150 2019 haec
1175 1952 1376 2040 Baginaldus
1399 1977 1434 2021 se

478 2069 531 2117 eas
546 2053 602 2117 diu
626 2066 778 2141 tanquam
802 2078 876 2120 suas
898 2055 1007 2141 quiete
1027 2056 1201 2142 possedisse
1223 2054 1360 2132 dicebat,
1376 2057 1433 2122 sed

479 2152 582 2216 minus
597 2154 786 2218 instructum
804 2155 937 2230 venisse,
953 2175 1051 2242 quum
1072 2155 1293 2221 instrumentis
1314 2169 1347 2220 st
1370 2167 1434 2222 tes·

479 2253 566 2318 tibus
588 2255 784 2319 abundaret:
817 2256 902 2320 unde
928 2258 956 2321 ei
982 2258 1108 2323 circiter
1131 2279 1268 2342 quorum
1293 2257 1431 2342 spatium

480 2356 645 2431 mensium,
677 2378 745 2441 quo
779 2379 906 2422 oausam
941 2382 1030 2423 suam
1063 2380 1249 2445 procurare.
1265 2354 1435 2437 sufficeret,

479 2452 631 2519 duximus
644 2455 889 2542 indulgendum.
936 2460 1008 2536 Quo
1027 2458 1093 2521 fere
1114 2458 1222 2543 elapso
1241 2458 1433 2544 saepedictus

479 2554 678 2640 Raginaldus
692 2557 784 2621 nobis
803 2559 955 2644 apparuit
977 2558 1085 2622 dicens
1108 2581 1140 2622 se
1159 2557 1276 2621 curiam
1292 2572 1431 2623 nostram

478 2655 595 2720 habere
610 2672 799 2744 suspectam,
815 2672 847 2723 et
863 2660 993 2723 testium
1009 2672 1040 2723 et
1062 2660 1348 2724 instrumentorum
1370 2660 1431 2725 sibl

477 2759 519 2822 ob
541 2760 601 2824 hoc
626 2760 735 2826 deesse
761 2764 897 2848 copiam,
920 2762 1013 2848 quod
1034 2775 1107 2826 ante
1134 2761 1241 2826 dictus
1261 2761 1433 2848 Philippus
1485 2822 1487 2826 .

479 2860 671 2925 domesticus
699 2877 806 2929 noster
835 2876 866 2927 et
894 2877 1050 2948 cognatus
1078 2876 1171 2941 esset,
1196 2876 1226 2925 et
1257 2884 1331 2926 eum
1361 2861 1433 2928 ideo

479 2962 589 3026 multis
618 2986 685 3026 esse
714 2963 897 3029 terribilem.
944 2965 1011 3027 Nos
1040 2976 1145 3028 autern
1176 2962 1279 3047 parati
1304 2984 1431 3027 eramus

478 3064 665 3150 compellere
692 3079 798 3143 testes,
822 3070 848 3131 si
874 3089 956 3152 quos
981 3065 1123 3144 haberet,
1146 3075 1184 3127 ut
1206 3063 1318 3128 darent
1344 3064 1433 3129 testi·

475 3165 614 3229 monium
643 3166 780 3242 veritati,
802 3180 859 3231 aut
884 3188 1011 3230 causam
1043 3166 1096 3229 alii
1121 3166 1279 3250 episcopo,
1301 3164 1342 3227 de
1367 3187 1434 3250 quo

479 3268 578 3350 magis
593 3267 797 3347 confiderent,
811 3268 1005 3352 delegarent,
1017 3291 1055 3331 ne
1065 3264 1126 3332 sibi
1136 3280 1243 3331 nostra
1258 3267 1432 3330 auctoritas

479 3367 510 3429 in
529 3367 638 3451 aliquo
658 3368 768 3431 obesse
788 3368 968 3434 videretur:
993 3370 1060 3455 ipse
1075 3391 1151 3433 vero
1171 3368 1213 3430 ob
1233 3366 1293 3430 hoc
1315 3365 1430 3429 nihilo-

479 3467 592 3543 minus,
622 3465 662 3530 ad
699 3480 834 3533 vestram
870 3469 1034 3556 appellans
1068 3467 1274 3545 audientiam,
1309 3464 1429 3530 festum
1461 3481 1463 3484 ⁴

477 3570 563 3633 beati
584 3568 723 3634 Andreae
743 3570 968 3636 examinationi
989 3594 1093 3635 causae
1115 3566 1318 3655 praescripsit.
1363 3567 1430 3631 Nos

477 3673 587 3757 itaque
612 3685 717 3737 vestro
739 3695 798 3758 pro
825 3685 899 3736 voto
921 3686 954 3736 et
976 3672 1084 3737 debito
1106 3670 1283 3735 deferentes
1305 3666 1430 3744 honori,

477 3774 568 3838 vobis
582 3797 708 3839 causam
724 3773 982 3852 transmittimus,
997 3775 1032 3839 id
1048 3774 1149 3838 solum
1166 3770 1376 3858 postulantes,
1393 3782 1430 3834 ut

478 3888 601 3939 servata
623 3881 791 3963 utriusque
809 3876 936 3964 justitia
957 3895 1084 3942 causam
1109 3875 1152 3940 sic
1174 3874 1214 3938 ab
1236 3873 1306 3936 aliis
1326 3870 1430 3936 decidi

473 3976 626 4061 jubeatis,
643 3991 678 4042 ut
694 3979 785 4043 nobis
800 3981 901 4043 omnis
915 3978 1104 4065 suspicionis
1118 3976 1249 4051 occasio,
1266 3988 1297 4039 et
1313 3971 1430 4038 laboris

477 4075 643 4140 necessitas
657 4078 874 4143 subtrabatur.
