3667 5475
462 768 656 846 naa-64]
856 783 1035 827 aristosa.
1353 772 1411 829 155

522 971 743 1034 EPISTOLA
766 968 924 1033 CV.—ao
940 987 1095 1030 aosouuu
1113 988 1340 1032 carlomanum.

762 1104 883 1165 Bosoni
900 1104 1110 1165 Cancellnrio.

504 1229 574 1294 Prto
589 1228 708 1292 honore
722 1239 755 1291 et
775 1225 935 1290 beneficiis
950 1249 969 1288 a
986 1226 1074 1288 vobis
1090 1226 1166 1289 milii
1188 1240 1218 1291 et
1235 1228 1313 1293 meis
1329 1252 1415 1314 saepe

459 1332 582 1398 collatis
603 1329 738 1394 bonitati
762 1339 875 1391 vestrae
896 1325 1014 1409 gratias
1037 1350 1108 1412 ago,
1130 1350 1235 1407 orans,
1252 1343 1286 1393 ut
1309 1331 1340 1391 iu
1365 1351 1414 1391 me

461 1456 522 1498 non
543 1443 684 1518 tepescat
706 1442 819 1494 vestrae
834 1427 976 1491 caritatis
996 1426 1138 1503 affectus,
1156 1429 1232 1513 quia
1252 1434 1311 1494 mei
1327 1430 1417 1493 obse-

461 1535 527 1621 quii
542 1535 670 1599 devotio
685 1554 746 1595 non
764 1531 908 1615 quiescit.
941 1531 1058 1591 Verum
1075 1531 1151 1614 quia
1165 1530 1337 1595 amicorum
1354 1534 1415 1596 sibi

461 1637 592 1700 invicem
615 1633 783 1699 reseranda
803 1646 878 1696 sunt
900 1644 1041 1716 pectora,
1057 1632 1136 1716 quid
1161 1633 1295 1696 animam
1313 1657 1413 1697 meam

459 1739 595 1801 maxime
610 1749 768 1822 torqueat,
784 1736 893 1819 paucis
908 1729 1058 1819 aperiam.
1101 1737 1153 1797 Ex
1170 1756 1235 1819 quo
1250 1748 1414 1818 promotus

460 1862 528 1903 sum
552 1840 583 1902 in
606 1838 804 1923 episcopum,
827 1850 944 1900 sauctae
969 1836 1122 1899 Romanae
1145 1837 1283 1899 ecclesiae
1306 1837 1415 1901 studui

462 1941 537 2004 totis
549 1940 670 2004 viribus
680 1938 842 2013 inservire,
853 1936 994 2013 credens,
1005 1958 1111 2000 amore
1123 1951 1153 2000 et
1166 1939 1256 2002 cultu
1267 1939 1416 2023 justitiae,

462 2055 493 2106 et
504 2043 577 2127 jugi
593 2041 771 2105 devotionis
785 2038 981 2102 exhibitione
996 2062 1045 2103 me
1057 2062 1147 2124 posse
1162 2040 1264 2125 ipsius
1279 2040 1414 2125 gratiam

462 2166 651 2230 comparare.
687 2145 850 2207 Caeterum
867 2162 958 2203 secus
972 2140 1096 2206 accidit.
1130 2142 1229 2205 Nullo
1244 2143 1269 2206 si
1285 2142 1415 2228 quidem

463 2244 534 2310 mali
558 2245 669 2308 merito
691 2244 731 2307 de
753 2244 944 2307 conscientia
964 2265 1033 2305 mea
1056 2245 1255 2327 procedente,
1273 2267 1323 2307 me
1345 2243 1416 2330 qui-

461 2346 533 2410 dam
556 2346 757 2409 dominorum
782 2364 922 2408 meorum
943 2343 1162 2426 cardinalium,
1186 2359 1221 2410 ut
1244 2370 1263 2409 a
1284 2346 1418 2432 quibus·

460 2447 533 2511 dam
559 2448 667 2524 audio,
692 2446 864 2509 admodum
893 2462 1140 2532 persequuntur.
1192 2449 1287 2522 Quod
1314 2472 1353 2512 ex
1378 2473 1415 2512 eo

463 2571 573 2611 verum
585 2572 651 2611 esse
663 2550 798 2611 maxime
808 2549 982 2633 perpendo,
995 2548 1084 2632 quod
1094 2548 1327 2613 detractoribus
1338 2553 1416 2614 meis

461 2651 581 2725 favent,
604 2663 636 2713 et
657 2650 851 2713 adversarios
873 2651 992 2713 fovent.
1030 2650 1077 2715 Sit
1099 2673 1176 2737 ergo
1196 2650 1416 2715 sollicitudinis

460 2767 584 2830 vestrae,
608 2766 647 2818 ut
669 2754 694 2817 si
717 2752 777 2816 hoc
799 2756 894 2838 culpa
917 2776 987 2815 mea
1009 2753 1181 2838 promerui,
1201 2775 1273 2816 cam
1297 2752 1414 2817 debitae

460 2855 682 2920 satisfactionis
711 2855 817 2920 fructu
846 2877 907 2918 nou
937 2867 1090 2940 respuant
1117 2855 1333 2940 poenitentem.
1381 2856 1414 2918 Si

460 2980 533 3033 non,
549 2970 585 3021 ut
601 2956 708 3032 credo,
720 2955 893 3042 promerui,
905 2957 1169 3040 contemplatione
1182 2956 1415 3033 misericordiae,

462 3071 494 3121 et
503 3060 584 3143 justi
603 3058 720 3143 judicii
736 3060 810 3133 Dei,
827 3057 986 3121 molestias
1007 3059 1106 3143 hujus
1128 3057 1309 3121 acerbitatis
1331 3081 1417 3122 amo-

463 3172 566 3237 veant,
588 3173 620 3225 et
643 3183 662 3223 a
684 3183 716 3223 se
738 3181 800 3222 non
824 3159 967 3243 rejiciant
990 3173 1106 3224 nostra>
1128 3160 1303 3223 devotionis
1325 3163 1416 3225 obse-

461 3262 582 3345 quium.
608 3265 780 3337 Praeterea,
792 3259 881 3345 quod
892 3274 1029 3325 mentem
1042 3284 1142 3325 meam
1154 3260 1263 3326 dolore
1275 3264 1415 3347 graviori

460 3362 633 3438 exulcerat,
648 3363 796 3426 domiuus
816 3386 911 3449 papa,
926 3363 982 3449 qui
999 3366 1162 3449 praeterita
1182 3364 1296 3450 hyeme
1311 3366 1418 3451 petiti-

460 3487 535 3528 ones
549 3487 635 3528 meas
650 3488 712 3528 non
728 3464 865 3540 admisit,
882 3464 1069 3531 adversariis
1089 3467 1176 3545 meis,
1191 3481 1223 3531 et
1239 3469 1413 3553 praesertim

462 3566 622 3630 monachis
645 3565 753 3632 Sancti
777 3567 964 3650 Augustini,
979 3568 1157 3644 fasciculos,
1171 3569 1291 3653 quibus
1311 3591 1416 3632 senec-

464 3678 566 3729 tutem
589 3689 689 3730 meam
712 3668 892 3742 obruerent,
915 3668 1051 3732 contulit
1074 3668 1270 3732 litterarum:
1302 3669 1343 3731 ad
1362 3670 1416 3733 ab

463 3765 567 3829 batem
582 3767 688 3830 Sancti
699 3752 872 3852 Augustini
883 3769 924 3832 de
936 3768 1079 3831 facienda
1090 3769 1283 3854 professione
1296 3769 1416 3833 litteras

464 3867 540 3932 mihi
555 3868 700 3950 indulsit,
713 3892 798 3956 quae,
816 3884 851 3935 ut
872 3894 948 3955 pace
963 3872 1033 3955 ejus
1052 3870 1176 3954 loquar,
1191 3871 1219 3932 ei
1236 3892 1298 3933 non
1313 3886 1417 3936 essent

462 3972 583 4042 honori,
610 3986 642 4036 et
670 3973 748 4035 mihi
774 3974 907 4038 fuissent
933 3971 1090 4046 dedecori,
1118 3985 1149 4037 et
1178 3972 1287 4036 abbati
1313 3989 1416 4039 essent

460 4073 581 4138 suturoe
603 4074 813 4160 contemptui.
852 4073 985 4158 Scripsit
1008 4072 1090 4136 enim
1113 4075 1262 4150 tenuiter,
1287 4089 1322 4140 ut
1343 4099 1416 4160 pro·

460 4173 555 4239 fessio
577 4176 676 4239 fieret.
722 4181 765 4240 At
791 4175 846 4238 diu
870 4175 1044 4239 cardinales
1065 4200 1083 4240 e
1104 4192 1215 4241 contra
1238 4177 1349 4243 litteris
1371 4179 1417 4241 in-

460 4290 647 4342 struxerunt
670 4277 829 4351 abbatem,
854 4292 889 4342 ut
912 4278 1097 4364 appellaret.
1143 4282 1223 4357 Quis
1245 4303 1306 4343 non
1331 4279 1416 4343 videt

459 4377 581 4445 litteras
597 4380 670 4443 binc
687 4379 761 4442 iude
783 4380 904 4456 missas,
922 4382 980 4444 nisi
997 4381 1036 4445 ad
1058 4382 1204 4465 ancipitis
1218 4402 1337 4465 pugnae
1353 4379 1417 4441 dis-
