3667 5475
506 774 566 834 126
757 778 1187 828 Josuurssmtnsanmans1s
1358 765 1405 845 [s.
1423 786 1456 828 n,

499 948 607 1003 autem
627 931 768 999 articulis
790 931 851 995 sibi
873 931 996 1017 copiam
1019 929 1148 993 testium
1171 954 1239 996 esse
1260 930 1400 1012 dicebat,
1415 946 1453 998 ut

500 1060 559 1103 nee
573 1036 614 1101 de
636 1032 838 1101 matrimonio
860 1031 951 1117 prius
973 1043 1147 1109 contracto,
1162 1053 1221 1095 nec
1242 1032 1283 1096 de
1305 1033 1476 1119 interpel-.

499 1139 617 1204 latione
632 1134 793 1222 sequentis
804 1131 1016 1208 contubernii,
1028 1152 1086 1194 nec
1101 1130 1142 1195 de
1156 1132 1296 1198 divortio
1305 1136 1455 1199 muoniee

498 1240 660 1305 celebrato
688 1236 860 1323 quisquam
894 1235 995 1319 possit
1024 1234 1197 1320 ambigere.
1243 1238 1289 1301 Et
1322 1237 1454 1323 quidem

501 1362 601 1425 quum
617 1361 677 1425 pro
691 1360 722 1401 se
740 1336 878 1422 plurima
892 1334 1055 1418 allegaret,
1071 1336 1210 1400 maxime
1231 1338 1278 1401 rei
1295 1337 1453 1423 judicatae

500 1440 665 1506 insistebat
680 1436 826 1513 articulo,
838 1449 870 1501 et
886 1434 1062 1511 sententiae,
1074 1458 1170 1521 quam
1184 1437 1217 1501 in
1229 1439 1353 1524 synodo
1369 1443 1454 1504 Lon·

501 1541 646 1607 deniensi
668 1538 726 1603 ubi
747 1537 921 1602 divortium
939 1536 1145 1613 celebratum,
1160 1551 1193 1603 et
1214 1540 1368 1604 adversus
1390 1563 1455 1605 ma·

500 1656 582 1709 trem
605 1640 748 1706 Mabilioe
771 1662 791 1704 a
812 1639 941 1703 domino
962 1638 1176 1704 Wintouiensi
1197 1654 1275 1706 tunc
1289 1641 1408 1727 legato,
1421 1649 1454 1707 'et

501 1742 730 1812 londoniensis
758 1738 898 1806 eccleaiae
928 1740 1045 1805 vicario
1082 1742 1180 1806 latam
1217 1764 1283 1807 esse
1316 1743 1454 1809 dicebat.

501 1846 660 1912 Produxit
675 1845 771 1910 etiam
787 1855 883 1909 testes
905 1865 987 1928 quos
1009 1842 1110 1908 eidem
1127 1843 1249 1929 syuodo
1261 1858 1294 1910 et
1315 1845 1455 1913 divortio

501 1947 684 2013 interfuisse
698 1943 843 2011 asseruit.
881 1944 966 2021 Quia
980 1964 1055 2026 ergo
1069 1944 1161 2009 liberi
1177 1944 1233 2033 qui
1247 1969 1287 2009 ex
1302 1946 1455 2014 damnato

500 2061 534 2113 et
556 2048 668 2113 illicito
689 2046 785 2121 coitu,
808 2068 863 2109 seu
886 2067 929 2109 ex
953 2044 1054 2109 effusa
1075 2048 1328 2133 concupiscentia
1353 2050 1455 2134 geniti

470 2174 472 2180 ·
502 2161 579 2214 sunt
593 2147 635 2211 ab
646 2146 747 2210 omnis
761 2167 892 2230 prorsus
906 2144 1103 2211 baereditatis
1115 2147 1267 2212 beneficio
1277 2148 1456 2214 excludun-

503 2261 570 2325 tur,
593 2235 793 2334 eosque‘nec
818 2245 896 2331 jura
924 2246 1039 2327 civilia,
1064 2270 1122 2312 nec
1151 2249 1238 2335 leges
1266 2246 1474 2336 agnoscunt,‘

488 2369 725 2433 ,canonumque
745 2346 825 2410 adeo
849 2347 1010 2433 improbet
1032 2346 1136 2433 vigor,
1157 2364 1194 2416 ut
1219 2372 1278 2418 nee
1303 2352 1458 2418 alimenta

504 2449 664 2526 decernat,
680 2447 735 2513 sed
750 2446 990 2534 quodammodo
1006 2447 1074 2535 juri
1093 2450 1181 2536 quod
1204 2452 1260 2516 ille
1281 2453 1455 2532 subtrahit,

502 2550 700 2636 adquiescat,
727 2550 830 2635 ipsam
856 2560 1008 2634 tanquam
1038 2552 1163 2636 paterni
1191 2553 1333 2620 criminis
1360 2578 1458 2640 argn-

502 2663 658 2733 mentum,
678 2673 698 2716 a
721 2651 819 2718 totius
845 2650 1043 2716 hereditatis
1067 2674 1124 2740 spe
1150 2652 1363 2722 contendebat
1388 2679 1456 2721 esse

503 2756 682 2822 arcendam.
726 2752 777 2820 Ad
797 2752 867 2817 hec
892 2752 1028 2818 Mabilia
1052 2755 1093 2819 ad
1117 2756 1243 2842 cognati
1265 2759 1313 2823 sui
1335 2757 1457 2824 calum·

503 2854 587 2921 niam
603 2853 823 2942 depellendam
840 2865 987 2938 parentes
1002 2877 1075 2919 suos
1087 2856 1287 2921 Willelmum
1302 2871 1335 2923 et
1349 2859 1458 2924 Adeli-
1573 2914 1576 2918 c

500 2957 584 3023 eiam
610 2958 752 3043 legitime
778 2955 965 3040 conjunctos
988 2957 1157 3033 asserebat,
1181 2971 1213 3023 et
1239 2963 1369 3046 nuptias
1392 2983 1457 3026 uon

502 3056 726 3132 clandestinae,
738 3056 794 3121 sed
805 3055 959 3120 solemnes
970 3055 1002 3120 in
1011 3056 1091 3122 facie
1100 3058 1238 3124 ecclesiae
1248 3060 1456 3128 contraxisse.

504 3162 578 3224 Nou
604 3157 743 3224 multum
773 3167 878 3220 tamen
909 3155 1121 3236 inficiabatur,
1147 3164 1228 3246 quin
1256 3174 1348 3246 pater
1377 3185 1457 3227 suus

506 3258 701 3335 Willelmus,
726 3271 854 3342 pactum
880 3257 1138 3342 sponsalitiorum
1162 3262 1203 3325 de
1225 3262 1371 3328 Albreda
1397 3263 1457 3328 du-

503 3358 613 3434 cenda,
625 3381 727 3444 quum
739 3368 829 3443 pater
840 3356 941 3441 ipsius
952 3373 1123 3446 antequam
1134 3362 1262 3429 duceret
1276 3364 1455 3429 Adeliciem

505 3458 651 3529 Mabiliae
675 3470 819 3534 matrem,
838 3457 957 3534 inierit,
973 3458 1029 3522 sed
1052 3461 1133 3526 illud
1159 3464 1325 3548 usquead
1348 3464 1458 3531 metri-

504 3561 647 3629 monium
662 3560 843 3648 pervenisse
858 3560 1006 3643 negabat,
1019 3561 1073 3626 sed
1089 3562 1166 3648 quia
1177 3563 1412 3631 matrimonium
1423 3567 1457 3633 in

503 3662 720 3736 contrahendo
743 3674 775 3727 et
800 3661 1009 3726 distrahendo
1035 3662 1171 3729 liberum
1200 3688 1266 3731 esse
1290 3665 1386 3734 debet
1416 3668 1458 3732 de

503 3790 657 3835 consensu
677 3764 820 3852 partium
844 3775 971 3851 pactum
997 3764 1267 3851 sponsalitiorum,
1282 3780 1463 3854 utrumque·

501 3870 587 3937 dixit
607 3892 673 3934 esse
698 3867 873 3946 remissum,
889 3866 979 3953 quod
1000 3889 1041 3931 ex
1063 3891 1101 3933 eo
1124 3869 1259 3955 probare
1281 3870 1455 3947 nitebatur,

504 3970 593 4059 quod
608 3982 706 4036 testes
717 3969 914 4055 apparebant
929 3970 1032 4055 parati
1048 3971 1195 4056 probare,
1207 3972 1291 4058 patri
1306 3970 1455 4039 Albredae

504 4071 684 4160 pecuniam,
699 4092 794 4154 quarn
813 4068 989 4136 Willelmus
1008 4073 1050 4136 ab
1073 4098 1110 4137 eo
1134 4087 1295 4161 receperat
1316 4097 1384 4140 esse
1407 4097 1458 4138 re·

504 4173 629 4236 fusam:
659 4167 851 4254 adjiciebant
869 4172 965 4236 etiam
981 4173 1169 4253 Albredam,
1185 4189 1217 4242 et
1242 4189 1366 4263 petrem
1386 4176 1457 4262 ejus

501 4292 629 4336 omnem
659 4267 898 4353 obligationem,
930 4293 1002 4357 quae
1030 4275 1261 4355 intercesserat,
1292 4299 1332 4343 ex
1362 4298 1458 4342 causa

503 4369 709 4451 matrimonii,
724 4382 760 4435 ut
783 4373 982 4458 sperabatur,
996 4379 1178 4464 copulandi,
1195 4379 1351 4447 remisisse
1371 4377 1455 4443 Wil-
