3667 5475
518 775 556 834 l·2
774 790 909 835 roanms
925 792 1202 840 snuusnaurunsrs
1378 778 1425 859 [a.
1443 799 1472 844 n.

514 953 649 1025 questus
672 953 732 1016 est,
756 940 844 1026 quod
871 941 912 1004 de
936 944 1154 1008 transmarinis
1177 946 1324 1029 partibus
1347 947 1389 1011 ad
1415 970 1474 1012 nos

513 1040 634 1126 aaepius
665 1041 804 1118 veniens,
836 1064 892 1105 nec
930 1065 986 1128 per
1024 1066 1093 1122 nos,
1124 1067 1179 1109 nec
1216 1070 1274 1132 per
1303 1048 1472 1114 domiuum

514 1141 658 1206 london.
685 1142 826 1228 aliquam
853 1146 895 1207 sit
916 1144 1077 1229 justitiam
1106 1161 1283 1225 assecutus,
1311 1151 1403 1235 quod
1433 1152 1475 1215 ab

513 1241 673 1307 Ailwardo
695 1244 933 1330 archiepiscopo
963 1269 1047 1331 saepe
1074 1246 1192 1333 injuste
1220 1249 1251 1313 in
1283 1251 1342 1314 hac
1371 1275 1472 1317 causa

512 1357 647 1408 vexatus
662 1343 713 1419 sit,
730 1358 761 1409 et
784 1346 873 1431 quod
897 1369 982 1410 nunc
1003 1347 1131 1412 tandem
1150 1348 1280 1435 justitia
1296 1374 1353 1415 sua
1368 1354 1472 1417 inter-

511 1456 609 1508 ventu
639 1444 862 1530 appellationis
891 1447 1010 1511 sercin
1037 1472 1156 1513 annum
1180 1451 1373 1530 differretur,
1397 1456 1468 1539 jam

510 1545 633 1610 dictum
649 1546 917 1626 archidiaconum,
935 1572 1030 1635 quem
1049 1549 1196 1616 videlicet
1217 1551 1305 1617 laicis
1326 1557 1468 1639 patroci-

428 1679 434 1692 ·
511 1659 650 1726 nantem,
673 1671 859 1734 perquem,
883 1663 921 1714 ut
943 1651 1079 1728 dicebat,
1108 1652 1177 1717 haec
1202 1654 1284 1717 mala
1308 1654 1368 1718 sibi
1396 1677 1471 1739 pro-

512 1750 690 1826 veniebant,
720 1749 761 1813 ad
792 1751 897 1814 sedem
929 1753 1134 1837 apostolicam
1164 1755 1350 1842 appellavit,
1380 1755 1468 1820 diem

511 1851 679 1935 praefigens
693 1852 724 1915 in
741 1853 881 1914 Octavas
903 1852 992 1917 Beati
1008 1855 1152 1920 Martini.

704 2186 927 2252 EPlSTOLA
949 2190 1099 2253 XL-ao
1114 2208 1268 2255 sunosu.

774 2327 913 2387 Domino
927 2346 1023 2407 pape
1040 2326 1195 2389 Adriano

553 2461 693 2523 Annuus
707 2457 747 2521 de
764 2462 805 2521 N.
821 2458 983 2521 ecclesiam
1006 2458 1105 2537 illam,
1119 2481 1184 2543 qua
1205 2483 1238 2522 se
1253 2460 1372 2545 injuste
1388 2484 1465 2546 spo·

507 2561 621 2626 liatum
651 2582 717 2623 esse
746 2558 885 2634 dicebat,
915 2558 1009 2622 officii
1045 2561 1145 2624 nostri
1182 2560 1371 2625 auctoritate
1401 2561 1466 2625 sibi

508 2662 633 2727 restitui
662 2660 857 2747 postulabat,
887 2674 1043 2746 praesente
1074 2663 1116 2727 A.
1147 2662 1288 2747 ejusdem
1321 2661 1464 2727 ecclesiae

507 2787 695 2851 possessore,
712 2762 763 2826 cui
778 2762 861 2826 diem
877 2761 1090 2846 respondendi
1106 2765 1149 2827 A.
1163 2778 1233 2847 post
1250 2764 1367 2828 multas
1382 2766 1464 2829 cita-

507 2869 608 2931 tiones
637 2864 889 2952 peremptorium
919 2864 1166 2949 praefixeramus.
1228 2865 1353 2928 Alanus
1385 2889 1464 2930 vero

505 2969 691 3056 petitionem
724 2971 763 3028 Α.
794 2967 981 3050 exceptione
1012 2966 1056 3028 rei
1083 2966 1238 3051 judicatae
1269 2967 1462 3031 submovere

505 3071 678 3145 nitebatur,
692 3066 801 3129 dicens
815 3088 888 3127 eum
905 3089 924 3127 a
944 3067 1138 3150 possessione
1155 3068 1223 3153 jam
1247 3067 1342 3132 dictae
1362 3068 1462 3131 eccle-

478 3200 481 3205 ·
505 3173 560 3236 aiae
574 3168 734 3242 cecidisse,
746 3166 871 3250 judicio
883 3168 1072 3232 venerabilis
1083 3169 1191 3232 fratris
1208 3169 1307 3233 nostri
1325 3170 1459 3233 Ricardi

505 3270 652 3338 London.
676 3265 828 3351 episcopi,
859 3281 928 3331 tum
956 3268 1180 3346 archidiaconi,
1207 3270 1271 3333 lata
1301 3269 1460 3335 sententia
1554 3346 1557 3353 Ι

504 3396 563 3459 pro
578 3368 728 3436 Ernardo
745 3367 927 3448 decessore3
951 3384 982 3434 et
1005 3393 1102 3455 super
1120 3374 1181 3435 hoc
1197 3371 1319 3437 litteras
1334 3371 1457 3435 domini

502 3473 642 3561 episcopi
672 3471 732 3533 hoc
761 3483 949 3536 attestantes
979 3473 1011 3534 in
1043 3473 1184 3536 medium
1208 3473 1398 3558 proferebat.
1423 3477 1456 3538 E

501 3590 611 3641 contra
633 3579 670 3638 A.
686 3574 871 3637 sententiam
896 3573 994 3650 illam,
1012 3573 1036 3636 si
1058 3574 1122 3638 lata
1142 3574 1216 3650 fuit,
1234 3576 1263 3638 ei
1285 3575 1456 3658 suffragari

500 3702 563 3744 non
587 3699 678 3762 posse
702 3675 876 3759 respondit,
899 3698 1000 3760 quum
1030 3698 1078 3738 res
1104 3675 1186 3739 inter
1209 3677 1286 3739 alios
1309 3689 1381 3740 acta
1403 3678 1455 3739 vel

398 3798 455 3869 ‘'⁷''st
474 3847 480 3869 λ
496 3780 642 3868 judicata
667 3776 737 3841 aliis
760 3776 908 3860 prodesse
935 3799 996 3838 non
1024 3777 1138 3840 debeat
1169 3778 1216 3840 vel
1235 3779 1360 3841 obesse.
1408 3779 1454 3841 Et

377 3880 381 3894 .
409 3861 481 3890 w·
498 3882 572 3947 licet
596 3879 708 3944 merito
733 3891 838 3964 posset
862 3878 902 3940 dc
930 3877 1094 3940 sententiae
1121 3878 1292 3962 iniquitate
1316 3879 1453 3954 causari,

500 4006 566 4070 qua
599 3983 710 4044 absens
740 4003 797 4042 nec
827 3990 998 4042 contumax
1030 3980 1258 4043 condemnatus
1289 3993 1347 4055 est,
1378 4002 1452 4042 cum

498 4080 697 4166 aliquantulo
708 4101 812 4142 causae
828 4102 894 4141 suae
909 4080 1086 4164 dispendi0,
1098 4095 1228 4165 propter
1243 4082 1449 4144 reverentiam

498 4181 637 4268 episcopi
653 4180 702 4241 sui
725 4179 844 4240 domini
870 4180 1112 4261 LondoniensiS,
1127 4185 1220 4267 cujus
1243 4183 1281 4245 ad
1312 4203 1452 4267 praesens

498 4283 558 4352 sibi
586 4292 743 4366 quantum
775 4280 838 4342 fuit
869 4280 997 4344 nolebat
1027 4295 1217 4366 attemptare
1248 4284 1448 4357 sententiam,

496 4384 611 4452 omisso
628 4378 752 4463 judicio
774 4381 965 4463 possessorio
987 4381 1170 4465 petitorium
1197 4383 1349 4458 instituit,
1366 4406 1449 4445 assc-
