3667 5475
438 742 634 821 1159-64.]
828 760 1008 804 natsronn.
1333 753 1393 810 159

433 935 511 988 esse,
523 912 555 974 in
571 910 740 996 praesentia
754 924 861 973 nostra
872 924 1068 996 conquestus
1080 923 1138 990 est,
1151 917 1316 997 postulans
1331 915 1390 979 sibi

433 1016 473 1079 de
490 1014 531 1078 G.
548 1015 737 1100 presbytero
756 1011 796 1075 de
812 1012 1057 1090 wichelemera,
1072 1014 1129 1099 qui
1144 1037 1197 1077 eas
1210 1017 1393 1101 occupavit,

432 1130 464 1182 et
479 1117 620 1203 quodam
639 1116 751 1195 milite,
768 1115 919 1191 Ricardo,
935 1116 992 1201 qui
1009 1114 1099 1180 tundi
1115 1116 1263 1180 dominus
1284 1131 1343 1195 est,
1358 1131 1392 1182 et

431 1219 602 1305 occupanti
626 1217 856 1304 patrocinatur,
875 1218 1035 1302 justitiam
1052 1218 1205 1282 exbiberi.
1245 1220 1392 1285 Partibus
1439 1271 1450 1285 2

432 1343 509 1386 vero
522 1320 649 1384 tandem
663 1318 878 1404 peremptoria
892 1318 945 1381 die
960 1320 1104 1405 praefixa,
1118 1342 1217 1403 quum
1234 1321 1391 1406 praelatus
1462 1333 1467 1338 ’

433 1422 497 1486 An.
513 1422 649 1498 adesset,
665 1440 740 1506 pars
755 1421 887 1484 adversa
902 1422 1153 1506 tergiversando,
1165 1421 1205 1484 nd
1221 1423 1392 1488 frustrato-

433 1523 496 1586 rias
505 1521 672 1584 dilationes
684 1520 840 1603 confugit,
853 1542 933 1605 quas
945 1543 1046 1604 quum
1057 1522 1102 1583 eis
1113 1521 1198 1606 juris
1207 1523 1288 1585 ratio
1299 1522 1393 1586 dene-

433 1636 551 1707 gasset,
568 1620 745 1704 jamdictus
772 1620 861 1683 miles
883 1621 942 1683 sibi
970 1644 989 1682 a
1011 1621 1110 1684 nobili
1133 1620 1203 1683 viro
1229 1620 1393 1687 Willelmo

433 1725 533 1788 fratre
548 1727 643 1808 regis,
658 1723 788 1785 domino
804 1746 872 1802 suo,
887 1722 971 1786 dixit
992 1746 1059 1786 esse
1074 1722 1283 1808 prohibitum,
1300 1745 1339 1787 ne
1354 1746 1392 1787 eo

435 1827 577 1900 absente,
599 1847 696 1910 super
718 1823 858 1903 decimis,
877 1824 917 1886 de
941 1824 1060 1908 quibus
1079 1825 1247 1909 agebatur,
1266 1848 1393 1890 causam

436 1928 666 2013 ingrederetur.
686 1927 952 1990 Praememoratus
963 1949 1093 2011 quoque
1104 1927 1281 2013 presbyter,
1291 1951 1393 2013 quum

435 2030 546 2094 cedere
562 2029 684 2092 videret
707 2027 852 2103 militem,
869 2029 962 2113 cujus
982 2029 1158 2113 patrocinio
1173 2029 1346 2109 nitebatur,
1361 2053 1393 2093 se

435 2154 497 2196 non
507 2133 707 2216 litigaturum
721 2130 896 2215 respondit.
924 2133 1031 2208 Quum
1044 2153 1121 2215 ergo
1128 2143 1217 2195 actor
1227 2132 1395 2217 productis

436 2234 559 2298 idoneis
575 2233 723 2311 testibus,
738 2234 857 2318 quibus
877 2231 1073 2313 abundabat,
1088 2255 1208 2297 summa
1230 2235 1393 2313 instantia,

437 2350 474 2401 ut
487 2339 589 2423 ipsius
603 2333 751 2421 probatio
773 2336 980 2421 reciperetur,
995 2360 1013 2400 a
1028 2336 1119 2399 nobis
1136 2337 1346 2423 impetrasset,
1361 2351 1394 2403 et

436 2461 472 2501 ea
487 2452 615 2520 recepta
629 2437 760 2500 consilio
773 2437 884 2521 synodi
900 2460 1001 2522 quum
1020 2460 1078 2523 pro
1091 2462 1129 2502 eo
1144 2439 1240 2504 laturi
1254 2461 1394 2504 essemus

436 2539 639 2616 senteutiam,
653 2537 845 2624 saepedictus
866 2540 1034 2625 presbyter
1049 2541 1089 2607 ad
1106 2554 1242 2605 vestram
1263 2541 1394 2605 audien·
1419 2587 1422 2591 -

437 2642 515 2705 tiam
538 2639 721 2726 appellarit,
745 2641 828 2704 diem
852 2643 1022 2728 praefigens
1045 2645 1150 2712 Quasi
1172 2645 1261 2706 modo
1279 2647 1393 2725 geniti.

438 2744 505 2808 Vos
519 2746 628 2829 itaque
643 2756 741 2828 prout
754 2745 845 2808 Deus
859 2747 950 2810 vobis
964 2746 1177 2832 inspiraverit,
1189 2767 1293 2810 causae
1308 2745 1397 2810 debi-

437 2859 505 2910 tum
521 2846 614 2910 finem
631 2846 812 2932 imponetis.

629 3147 852 3210 EPISTOLA
875 3148 1035 3211 CX.--nn
1051 3166 1204 3211 annuam.

683 3298 822 3363 Domino
837 3302 941 3382 Pnpoe
957 3299 1153 3362 Alemandro.

488 3448 654 3521 Mandata,
668 3444 849 3512 dulcissime
865 3460 969 3533 pater,
984 3468 1227 3533 conceperamus
1241 3448 1399 3530 laetitiam,

441 3560 613 3632 sperantes,
636 3559 673 3614 ut
694 3549 780 3614 fama
801 3564 880 3626 erat,
903 3574 961 3614 nos
982 3551 1063 3615 citra
1085 3549 1181 3636 Alpes
1203 3574 1295 3638 posse
1317 3575 1398 3638 proe·

440 3649 549 3711 sentiae
576 3667 689 3714 vestrae
711 3652 824 3716 solatio
847 3652 990 3717 recreari.
1035 3656 1134 3716 Versa
1160 3666 1208 3716 est
1234 3666 1338 3717 tamen
1364 3655 1398 3718 in

440 3749 562 3814 luctum
585 3753 717 3836 cythara
732 3769 853 3832 nostra,
869 3770 900 3819 et
922 3754 1075 3838 gaudium
1092 3753 1216 3817 transiit
1237 3753 1268 3815 in
1285 3776 1399 3818 moero-

440 3872 518 3928 rem,
545 3875 584 3914 ex
613 3875 677 3937 quo
703 3878 762 3940 pro
789 3869 877 3919 certo
904 3854 995 3916 nobis
1023 3853 1176 3929 innotuit,
1204 3852 1291 3938 quod
1322 3855 1399 3919 urbs

440 3952 672 4018 beatitudinem
704 3971 842 4021 vestram
874 3955 1022 4019 invidens
1051 3952 1235 4039 Cisalpinis,
1264 3955 1399 4022 nominis

441 4055 538 4119 vestri
559 4056 662 4142 gloria
686 4058 798 4122 maluit
821 4056 984 4122 illustrari.
1039 4058 1148 4130 Quum
1171 4080 1248 4142 ergo
1274 4074 1399 4145 aposto-

443 4156 524 4220 latus
541 4159 638 4223 vestri
650 4158 773 4223 culmen
790 4182 986 4245 nequeamus
997 4180 1056 4244 pro
1072 4173 1147 4224 voto
1162 4159 1300 4239 visitare,
1311 4161 1401 4247 quod

440 4278 623 4342 possumus,
652 4258 768 4324 iterum
798 4283 857 4346 per
886 4259 1026 4338 nuntios,
1053 4257 1215 4325 celeritate
1244 4258 1401 4357 adhibita,

440 4373 601 4423 consuetae
614 4359 806 4423 visitationis
817 4360 1039 4445 supplebimus
1049 4360 1247 4446 obsequium.
1275 4365 1401 4427 Placeat
