3667 5475
647 721 657 752 t

429 772 471 830 98
670 793 811 836 Joauurs
827 791 1105 837 ssuasantuuusrs
1283 779 1332 852 [A.
1351 798 1381 840 n.

429 938 606 1023 prohibere.
651 942 763 1006 Valete
777 958 810 1007 et
821 944 1023 1028 praesentiam
1034 956 1171 1008 vestram
1187 945 1294 1009 animo
1310 968 1383 1009 meo

432 1040 577 1129 spbtrahi
593 1064 654 1105 non
671 1064 762 1129 posse
777 1044 939 1108 noveritis.

441 1298 584 1362 EPIST.
608 1299 1078 1367 LXXIV.·-—aoannar1sssu
1095 1323 1138 1365 na
1154 1322 1368 1367 aunanauru.

475 1454 662 1516 Romanos
684 1452 817 1539 impellit
832 1454 1016 1535 auctoritas,
1040 1468 1074 1519 ut
1091 1467 1208 1520 sanctae
1232 1455 1385 1519 Romanae

431 1552 570 1618 ccclesia>
586 1553 781 1618 vindicemus
803 1556 965 1645 injuriam,
982 1568 1025 1631 et,
1048 1567 1085 1619 ut
1106 1553 1147 1617 de
1169 1568 1279 1620 nostro
1301 1570 1385 1619 tace-

350 1710 353 1716 .
432 1673 535 1731 amus,
550 1668 768 1741 contemptum
793 1656 889 1741 regiae
904 1656 1090 1742 majestatis.
1136 1662 1206 1723 Nos
1220 1670 1327 1722 autem
1344 1681 1384 1721 ne

432 1757 519 1821 istud
550 1758 653 1822 iacere
675 1781 872 1843 cogeremur,
894 1782 950 1823 vos
979 1772 1111 1845 patema
1140 1758 1384 1824 mansuetudine

415 1847 695 1937 commonuimus,
722 1872 881 1947 quatenus
910 1860 1026 1925 dilecto
1055 1860 1120 1923 filio
1146 1860 1291 1924 Jordano
1315 1862 1384 1927 the*

432 1960 575 2022 saurario
589 1960 798 2025 restitueretis
813 1965 1040 2047 possessionem
1054 1960 1192 2025 ccclesiae
1207 1961 1247 2024 de
1263 1960 1383 2052 Froiia,

434 2082 530 2145 quam
559 2062 587 2124 ci
610 2075 733 2127 constat
754 2064 946 2150 praesidente
968 2063 1063 2128 beato
1087 2062 1232 2126 Adriano
1253 2060 1384 2126 fuissea

333 2213 343 2230 ,.
434 2163 579 2225 Romana
600 2163 732 2228 ecclesia
749 2165 978 2230 confirmatam.
1024 2165 1120 2229 Unde
1141 2178 1171 2229 et
1188 2164 1291 2250 ipsum
1313 2176 1384 2250 post

434 2262 573 2327 edictum
582 2248 1385 2360 DominiregisincontemptumecclesiaeRomanae

435 2363 590 2428 violenter
611 2378 643 2429 ct
666 2367 790 2452 absque
810 2366 922 2429 ordine
944 2365 1116 2453 judiciario
1134 2366 1280 2452 ejecistis,
1303 2367 1386 2430 sicut

435 2468 505 2553 ejus
527 2466 639 2532 iterata
658 2467 778 2532 indicat
799 2468 1009 2553 querimonia.
1055 2467 1118 2533 Sed
1141 2454 1219 2553 quia
1232 2466 1338 2532 adbuc
1353 2471 1386 2533 in

436 2579 542 2633 vestra
572 2568 772 2634 coutumacia
801 2568 1022 2656 perseveratis,
1052 2568 1144 2633 vobis
1173 2567 1389 2655 praecipiendo

435 2670 635 2750 mandamus,
647 2671 899 2758 quatinusjuxta
912 2670 1097 2736 mandatum
1109 2671 1246 2734 dominae
1258 2670 1389 2756 reginae,

435 2773 523 2860 quod
545 2774 723 2860 suscepisti,
747 2785 922 2838 memorato
942 2773 1087 2837 Jordano
1102 2773 1267 2860 praefatam
1288 2771 1387 2837 eccle-

435 2877 511 2940 siam
529 2889 636 2941 tenere
650 2874 854 2962 permittatis,
869 2875 953 2937 sicut
968 2874 999 2936 in
1018 2873 1154 2939 transitu
1171 2873 1291 2937 domini
1303 2877 1388 2959 regis

434 2976 623 3041 auctoritate
638 2976 811 3062 apostolica
825 2975 1017 3062 possidebat.
1061 2974 1213 3060 Alioquin
1236 2982 1337 3061 quum
1353 2975 1387 3038 iri

433 3079 553 3143 octavis
568 3079 670 3142 beatae
686 3079 798 3142 Mariae
814 3075 905 3141 nobis
920 3077 1145 3162 apparueritis,
1165 3087 1385 3162 contemptum

434 3192 551 3244 sanctae
575 3179 730 3241 Romanae
759 3176 898 3240 ecclesiae
928 3177 1093 3263 praeterire
1123 3199 1184 3239 non
1211 3176 1388 3263 poterimus

435 3280 642 3364 impunitum.
659 3281 703 3342 Et
714 3280 740 3342 si
749 3279 877 3342 domina
888 3277 1100 3364 regina,quod
1111 3279 1292 3342 inedictum
1303 3279 1387 3362 regis

434 3380 643 3453 commisistis
674 3380 830 3465 condigna
860 3381 1053 3444 correctione
1082 3379 1306 3458 emendaverit,
1330 3400 1388 3442 nos

435 3484 515 3548 iliud
532 3494 637 3547 ratum
656 3482 854 3557 habebimus,
871 3482 1020 3567 quoniam
1036 3503 1076 3543 ex
1093 3481 1282 3544 auctoritate
1296 3501 1390 3543 cano·-

435 3610 523 3665 num,
539 3583 599 3649 nisi
609 3584 685 3670 jura
700 3583 807 3647 taliter
821 3594 1081 3657 contemnuntur,
1094 3581 1133 3644 ad
1150 3579 1389 3667 reprimendum

435 3688 588 3755 malitiam
604 3708 716 3750 manus
730 3684 911 3751 adhibenda
926 3697 972 3748 est
989 3683 1146 3748 militaris.
1176 3683 1390 3747 Prohibemus

434 3793 529 3856 etiam
545 3786 735 3854 auctoritate
750 3785 890 3850 ecclesiae
906 3789 1061 3850 Romanae
1076 3798 1107 3848 et
1120 3797 1239 3860 nostra,
1249 3807 1289 3847 ne
1305 3784 1391 3848 deci:

434 3910 547 3958 maaet
570 3893 652 3956 bona
673 3889 813 3953 ecclesiae
833 3901 906 3952 ante
921 3887 1036 3973 judicii
1060 3906 1192 3949 examen
1211 3885 1390 3949 distrahere

437 3995 645 4079 praesumatis,
