3667 5475
434 771 496 830 222
640 841 644 848 .
689 778 825 824 soauurs
841 775 1120 821 sannsnnnruusm
1293 762 1339 841 [a.
1356 779 1384 822 n.

433 934 580 998 videntur
604 933 773 1017 praevalere
796 930 898 1012 impii,
921 929 1036 1012 quibus
1061 930 1095 991 in
1117 929 1205 991 brevi
1229 929 1384 1007 Christus,

433 1055 529 1118 quem
553 1042 794 1117 persequuntur,
821 1030 868 1093 sic
894 1029 1102 1111 respondebit
1131 1027 1172 1091 ad
1202 1030 1324 1109 merita,
1350 1040 1385 1094 ut

432 1132 676 1217 praeponderare
685 1130 831 1193 videatur
838 1130 920 1192 libra·
929 1128 1090 1205 rindictae,
1102 1140 1135 1192 et
1146 1151 1227 1213 quos
1239 1138 1385 1213 potenter

432 1233 553 1317 puniet,
577 1252 641 1293 non
668 1243 733 1294 tam
759 1229 943 1293 examinare
973 1230 1067 1292 lance
1093 1230 1263 1313 aequitatis,
1288 1250 1384 1314 quam

433 1334 527 1398 molis
549 1330 766 1412 magnitudine
789 1351 996 1413 proegravare.
1043 1330 1119 1392 Non
1142 1329 1271 1412 quidem
1299 1329 1385 1414 quod

432 1434 579 1518 injuriam
605 1433 730 1505 inserat,
761 1431 818 1494 aed
849 1432 924 1514 quia
954 1431 1022 1492 sine
1052 1435 1201 1495 mensura
1229 1442 1262 1494 et
1291 1431 1386 1495 modo

434 1532 647 1619 peccantibus
668 1534 855 1596 immensam
872 1542 904 1595 et
918 1531 1159 1595 immoderatam
1179 1532 1304 1613 ingeret
1317 1554 1384 1617 poe·

431 1659 516 1701 nam.
562 1636 633 1699 Nec
655 1635 803 1717 opinetur
821 1632 982 1716 quispiam
999 1654 1049 1695 me
1070 1633 1102 1694 in
1123 1634 1222 1713 longa
1242 1644 1387 1717 tempora

430 1739 633 1822 prophetare,
654 1737 731 1798 lieet
755 1734 877 1797 oraculi
902 1733 1002 1796 divini
1029 1734 1114 1797 sicut
1135 1735 1319 1811 auctoritas,
1341 1736 1386 1800 sic

431 1847 464 1900 et
479 1836 560 1899 fides
571 1843 786 1917 perpetuetur,
797 1851 896 1914 quum
908 1832 1040 1913 planum
1056 1831 1097 1893 sit
1105 1832 1175 1914 jam
1186 1832 1387 1915 aliquatenus

431 1935 618 1999 inchoatum
646 1930 907 2016 mejudicium,
934 1930 999 1993 imo
1030 1930 1214 1994 executioni
1241 1931 1386 1995 mandari

434 2034 636 2099 sententiam.

484 2135 603 2197 Nonne
633 2133 830 2196 Teutonicus
857 2142 1024 2215 tyrannus,
1053 2132 1192 2199 nominis
1221 2136 1272 2199 sui
1300 2136 1387 2201 fama

435 2255 539 2318 nuper
567 2234 678 2296 orbem
715 2233 903 2314 perculerat,
932 2244 965 2296 et
994 2234 1059 2298 fere
1094 2237 1261 2319 subegerat
1289 2259 1389 2329 regna

436 2336 552 2412 vicina,
574 2346 607 2399 et
630 2334 726 2397 etiam
752 2335 919 2418 imperium
946 2337 1133 2401 Graecorum
1161 2350 1279 2403 terrore
1309 2362 1388 2405 con·

436 2446 590 2514 euaserat,
600 2447 636 2499 ut
646 2436 749 2517 magis
765 2436 961 2500 deditionem
974 2461 1068 2522 quam
1085 2441 1388 2505 confoederationem

437 2540 650 2623 legationibus
672 2538 778 2602 missis
798 2536 959 2601 videretur
981 2541 1114 2605 offerre?
1143 2543 1201 2606 sed
1221 2565 1299 2607 ecoe
1321 2546 1388 2608 Do·

438 2640 526 2703 mino
541 2649 668 2703 auctore
688 2637 816 2700 timetur
834 2638 950 2715 minus,
966 2647 1000 2701 et
1020 2642 1164 2723 quiante
1185 2653 1250 2705 tam
1266 2643 1390 2707 vicinos

438 2763 536 2826 quam
572 2739 800 2803 remotissimos
837 2741 906 2802 solo
942 2753 1022 2804 nutu
1054 2745 1193 2806 terrebat
1229 2745 1390 2829 princeps,

438 2842 635 2906 Teutonicos
654 2861 729 2902 suos
751 2840 792 2902 ab
814 2839 938 2923 injuriis
957 2841 1106 2906 cohibere
1122 2864 1186 2906 non
1202 2854 1320 2927 potest,
1335 2845 1390 2929 qui

439 2943 507 3004 solo
524 2941 619 3003 verbo
634 2960 747 3022 pacem
768 2940 916 3021 gentibus
931 2938 971 3001 ad
987 2941 1151 3004 arbitrium
1166 2943 1342 3018 indicebat,
1358 2953 1390 3008 et

439 3045 542 3121 bella;
568 3062 653 3105 nunc
675 3063 695 3104 a
714 3041 779 3104 suis
800 3053 833 3103 et
855 3041 938 3104 inter
962 3063 1035 3105 suos
1058 3044 1166 3126 petitis
1190 3055 1222 3107 et
1246 3047 1388 3129 acceptis

438 3144 558 3224 treugis
580 3143 764 3224 gratulatur.
810 3143 895 3204 Nam
916 3142 999 3206 sicut
1020 3145 1156 3226 ipsemet
1173 3147 1390 3230 conqueritur,

440 3266 483 3308 ex
498 3265 562 3327 quo
579 3245 733 3305 Latonam
748 3243 842 3321 venit,
859 3253 894 3305 ut
909 3266 1014 3324 regem
1031 3247 1225 3309 Francorum
1241 3260 1273 3309 et
1287 3248 1390 3310 Galli·

440 3363 554 3406 canam
565 3341 735 3403 ecclesiam
751 3357 910 3424 separaret
924 3366 943 3407 a
959 3344 1033 3423 lide,
1043 3356 1075 3408 et
1089 3346 1122 3408 in
1138 3367 1226 3410 suam
1241 3347 1390 3410 baeresim

439 3452 640 3526 perverteret,
652 3453 686 3507 ut
701 3443 869 3507 adorarent
883 3445 1006 3508 idolum
1022 3470 1125 3526 suum,
1136 3469 1304 3512 successus
1319 3450 1390 3533 ejus

438 3545 557 3628 relapsi
572 3555 655 3623 sunt,
670 3554 704 3608 et
722 3568 794 3630 quae
814 3567 887 3610 eum
907 3549 1074 3624 extulerat,
1095 3550 1129 3611 in
1149 3549 1390 3634 depressionem

437 3648 539 3730 ipsius
561 3647 661 3730 coepit
682 3647 810 3710 fortuna
829 3649 1002 3712 fluctuare:
1028 3672 1102 3733 spes
1122 3661 1227 3713 autem
1245 3651 1389 3713 fidelium

437 3761 495 3828 est,
516 3749 601 3835 quod
625 3749 666 3812 ad
687 3750 841 3813 honorem
865 3749 940 3824 Dei,
958 3750 992 3813 in
1012 3753 1101 3815 brevi
1122 3753 1259 3834 amplius
1283 3752 1389 3835 depri-

436 3861 548 3928 metur,
569 3851 673 3914 donee
697 3872 768 3914 eum
790 3850 921 3914 omnino
945 3851 1101 3925 Christus,
1123 3853 1214 3937 cujus
1236 3873 1390 3935 sponsam

437 3953 647 4033 persequitur,
663 3960 809 4014 conterat
825 3952 884 4014 sub
900 3952 1039 4033 pedibus
1054 3954 1129 4017 suis.

481 4052 596 4114 Nonne
609 4062 641 4114 et
652 4053 737 4135 apud
746 4075 803 4116 vos
812 4053 881 4137 jam
891 4053 1050 4137 judicium
1064 4068 1229 4119 exercetur
1240 4055 1392 4118 adversus

435 4159 570 4213 tortores
590 4152 758 4215 ecclesiae?
797 4156 970 4218 Intuemini
997 4167 1134 4240 quantus
1156 4167 1224 4220 erat
1248 4176 1307 4220 rex
1324 4157 1393 4218 An-

435 4252 568 4332 glorum,
578 4272 676 4334 quum
692 4255 840 4333 parvulus
856 4256 1014 4321 videretur
1028 4259 1061 4321 in
1077 4259 1180 4322 oculis
1196 4258 1280 4321 suis:
1303 4255 1394 4321 etad

433 4352 601 4416 ecclesiam
625 4352 689 4416 Dei
713 4355 762 4416 vel
782 4355 923 4436 speciem
946 4358 1023 4422 fidei
1047 4371 1078 4422 et
1099 4359 1284 4422 reverentiae
1309 4379 1393 4441 prar-
