3667 5475
508 763 569 826 lto
772 780 909 823 Joassrs
923 777 1199 823 saunsnrursxsrs
1368 762 1415 841 [A.
1432 782 1466 825 n.

506 928 671 1015 presentis
689 940 853 992 contractu
873 927 1025 1012 conjugii,
1048 941 1082 991 et
1100 949 1200 1013 quum
1223 929 1465 995 matrimonium

504 1052 675 1095 consensus
707 1030 833 1105 efficiat,
870 1031 1024 1116 quicquid
1061 1031 1095 1094 in
1129 1030 1279 1115 injuriam
1317 1031 1463 1116 legitime

506 1132 717 1219 precedentis
739 1155 910 1196 consensus
932 1144 1165 1218 praesumptum
1189 1144 1249 1210 est,
1272 1156 1392 1198 nexum
1412 1135 1464 1199 in-

506 1234 717 1319 separabilem
736 1234 848 1319 prioris
868 1234 1063 1297 matrimonii
1085 1257 1147 1298 nou
1168 1234 1320 1301 dissolvit
1368 1236 1468 1311 Quod

507 1337 532 1399 si
555 1334 681 1399 carnale
707 1337 946 1412 commercium,
970 1350 1004 1399 et
1028 1360 1069 1400 ex
1094 1360 1134 1400 eo
1160 1351 1315 1423 concepta
1340 1339 1466 1404 soboles

506 1436 622 1500 exinde
637 1451 748 1501 contra
764 1438 861 1501 fidem
878 1439 1018 1522 conjugii
1035 1454 1266 1523 processerunt,
1279 1462 1344 1504 nou
1360 1463 1402 1505 ex
1430 1464 1469 1505 eo

508 1538 668 1603 inficiatur
689 1541 839 1625 primum,
861 1541 918 1604 sed
944 1542 1106 1625 sequentis
1131 1541 1332 1605 contubernii
1359 1555 1466 1607 reatus

509 1642 662 1725 arguitur.
710 1643 803 1706 Patet
818 1665 905 1726 ergo,
920 1642 1073 1728 quicquid
1089 1643 1202 1727 egerit,
1217 1656 1274 1706 aut
1293 1644 1396 1722 scivit,
1412 1658 1469 1711 aut

510 1745 590 1808 scire
605 1745 729 1820 debuit,
745 1745 801 1808 sed
816 1768 876 1808 uec
890 1745 1000 1809 liberis
1014 1746 1084 1830 ejus
1100 1747 1249 1831 prodesse
1263 1747 1372 1824 debet,
1387 1748 1413 1811 si
1428 1771 1468 1813 er

508 1848 675 1933 privilegio
689 1847 818 1910 militari
833 1847 893 1910 sibi
908 1847 1031 1911 licitum
1047 1870 1115 1911 esse
1130 1847 1312 1923 crediderit,
1328 1866 1365 1912 ut
1379 1861 1465 1914 recte

510 1951 674 2034 agentium
701 1950 777 2013 fidei
802 1951 935 2034 impune
961 1949 1129 2013 illuderet:
1161 1950 1242 2013 forte
1269 1950 1296 2013 si
1321 1962 1468 2015 materna

510 2066 673 2136 peteretur
698 2051 877 2132 haereditas,
899 2052 1008 2117 liberis
1034 2052 1169 2138 prospici
1196 2064 1321 2139 poterat
1345 2054 1379 2117 in
1406 2053 1466 2118 hac

508 2166 610 2237 parte,
632 2175 672 2215 eo
694 2155 781 2239 quod
803 2166 907 2216 mater
927 2167 1075 2239 potuerat
1096 2155 1129 2217 in
1152 2155 1370 2219 contrahendo
1390 2179 1465 2220 con-

505 2254 598 2337 jugio
619 2254 777 2317 sinistram
801 2256 1028 2319 conscientiam
1052 2278 1115 2320 nou
1142 2256 1270 2321 habere.
1318 2258 1365 2320 At
1391 2258 1468 2344 quia

509 2355 551 2419 de
574 2370 706 2440 paterna
727 2358 924 2421 successione
946 2359 1061 2441 agitur,
1084 2358 1180 2443 patris
1202 2358 1327 2422 fallacia
1346 2382 1470 2445 nequa-

510 2482 607 2545 qnam
621 2460 731 2525 liberis
745 2462 943 2544 suffragatur,
959 2460 1060 2545 parcit
1073 2462 1235 2525 interdum
1254 2464 1467 2528 mansuetudo

510 2564 618 2648 legum
639 2566 698 2641 his,
714 2567 755 2629 ab
770 2565 951 2649 ignorantia
969 2564 1154 2645 convinctis,
1168 2566 1224 2651 qui
1245 2566 1367 2630 ratione
1392 2590 1468 2651 cog-

511 2669 647 2732 nationis
661 2670 703 2732 ab
721 2667 857 2731 invicem
877 2681 1074 2753 separantur,
1090 2668 1270 2756 liberosque
1290 2691 1402 2733 eorum
1426 2672 1468 2736 ab

509 2771 652 2851 infamia,
667 2784 700 2835 et
719 2771 914 2835 haereditatis
934 2771 1053 2834 damno
1073 2770 1199 2848 liberat,
1221 2794 1301 2857 quas
1320 2773 1466 2837 ecclesiae

510 2896 568 2958 per
582 2875 792 2958 ignorantiam
809 2875 984 2957 detemptae
999 2873 1164 2956 conjungit
1182 2874 1364 2938 auctoritas.
1404 2876 1469 2945 Sed

509 2977 543 3040 in
558 3000 613 3040 eos
627 2977 711 3060 rigor
724 2977 831 3060 legum
851 2990 886 3040 et
908 2977 1075 3040 Cauounm
1092 2989 1271 3052 exercetur,
1288 2977 1344 3063 qui
1364 2977 1468 3042 inces-

509 3089 611 3154 tuose,
642 3092 697 3142 aut
726 3079 835 3142 illicite
866 3091 993 3153 coeunt,
1020 3078 1168 3153 scienter,
1194 3079 1268 3161 jure
1297 3078 1406 3142 divino
1436 3091 1470 3143 et

510 3180 651 3244 humano
666 3181 784 3265 pariter
795 3179 993 3264 prohibente.
1023 3180 1143 3243 Contra
1155 3179 1224 3242 haec
1236 3202 1308 3264 pars
1321 3180 1470 3245 Mabiliae.

510 3282 612 3346 multa
642 3283 804 3366 proposuit
828 3283 861 3346 in
888 3283 1072 3366 suffragium
1101 3283 1258 3346 rationum
1286 3295 1319 3346 et
1345 3282 1467 3367 legum,

511 3384 620 3447 multis
634 3386 784 3448 utebatur
799 3385 953 3469 exemplis
976 3387 1096 3464 diceus,
1114 3382 1318 3470 impossibile,
1336 3399 1392 3450 aut
1407 3387 1470 3450 dif-

512 3486 699 3561 ficillimum,
712 3499 747 3550 ut
756 3487 847 3551 liberi
859 3487 942 3571 regis
954 3489 1160 3564 Francorum,
1170 3488 1381 3574 aliorumque,
1389 3512 1470 3576 quos

510 3589 729 3670 nominabant,
743 3590 1058 3670 exhaereditarentur,
1073 3589 1115 3653 ob
1130 3590 1190 3654 hoc
1206 3591 1292 3675 quod
1307 3590 1392 3655 inter
1411 3614 1469 3676 pa·

510 3704 616 3755 rentes
630 3714 740 3756 eorum
756 3694 797 3756 sit
811 3691 982 3755 divortium
1003 3691 1146 3774 legitime
1167 3691 1382 3754 celebratum:
1407 3715 1467 3756 nec

510 3807 618 3859 tamen
642 3795 726 3859 inter
751 3808 898 3880 parentes
921 3816 992 3858 suos
1018 3794 1189 3858 divortium
1216 3792 1359 3877 legitime
1384 3794 1468 3858 cele·

510 3898 636 3962 brutum
653 3922 724 3983 pars
744 3898 888 3962 Mabiliae
911 3898 1080 3971 fatebatur,
1097 3897 1171 3980 jura
1191 3918 1319 3982 quoque
1339 3895 1468 3961 dicebat

512 4002 659 4083 proniora
687 4002 729 4064 ad
758 4002 1002 4076 absolutionem,
1030 3999 1207 4084 praesertim
1234 3998 1465 4074 innocentium,

510 4121 589 4185 quos
617 4100 763 4184 iniquum
793 4113 841 4164 est
871 4102 975 4164 alieno
1005 4100 1123 4164 delicto
1157 4099 1377 4165 condemnari:
1416 4121 1467 4163 se-

511 4201 707 4288 parationem
734 4224 808 4265 vero
835 4204 867 4266 in
895 4204 1015 4288 synodo
1045 4203 1262 4268 londoniensi
1292 4225 1312 4266 a
1336 4200 1467 4266 domino

446 4298 452 4311 ’
514 4303 723 4368 Wintoniensi
739 4326 801 4367 non
818 4305 937 4369 lactum
954 4328 991 4368 eo
1007 4307 1169 4370 nitebatur
1187 4305 1365 4385 ostendere,
1380 4304 1468 4390 quod

511 4422 684 4496 autequam
700 4406 837 4492 synodus
858 4407 924 4487 illa,
942 4430 1037 4494 quum
1058 4409 1155 4472 solam
1176 4409 1245 4493 jam
1266 4408 1370 4472 dictus
1385 4405 1467 4492 epis-
