3667 5475
512 768 577 827 280
771 777 907 822 soranis
925 774 1202 820 sraasunurausrs
1377 757 1425 837 [u.
1444 775 1479 822 o.

492 931 700 1014 profitentur
725 930 867 991 moribus
896 927 1026 991 obedire
1053 928 1220 991 servilibus
1246 949 1475 1012 perversarum

513 1031 788 1105 consuetudinem,
819 1052 913 1114 quam
950 1032 982 1093 iu
1011 1032 1191 1094 libertatem
1227 1032 1358 1114 spiritus
1389 1033 1475 1095 velle

514 1134 657 1198 evadere.
703 1136 831 1194 Annon
853 1133 995 1194 recolitis
1018 1134 1093 1214 quia
1115 1131 1187 1195 duae
1209 1133 1310 1195 tribus
1325 1144 1359 1196 et
1376 1134 1477 1196 dimi-

516 1235 579 1310 dia,
605 1256 677 1317 quae
708 1255 826 1317 pecora
855 1235 957 1296 multa
985 1234 1158 1310 habebant,
1188 1246 1219 1295 et
1248 1236 1476 1317 possessiones

480 1358 483 1364 ·
515 1336 679 1420 plurimas,
708 1356 773 1396 non
804 1335 923 1397 sortitae
953 1345 1027 1396 sunt
1055 1334 1272 1397 haereditatem
1301 1336 1336 1397 in
1362 1334 1477 1399 medio

515 1439 655 1514 fratrum,
683 1437 716 1499 id
743 1450 791 1498 est
820 1436 982 1499 communi
1008 1449 1099 1513 terra,
1130 1436 1259 1498 scilicet
1288 1437 1474 1519 promissio-

514 1539 578 1612 nis,
600 1538 656 1601 sed
677 1537 817 1601 Jordane
840 1536 984 1599 nondum
1008 1538 1143 1601 transito
1165 1537 1198 1599 in
1221 1539 1472 1601 Amorrheorum

515 1640 636 1703 finibus
652 1637 883 1703 substiterunt?
923 1639 1041 1700 Nonne
1064 1638 1126 1701 hoc
1143 1640 1176 1700 in
1192 1640 1357 1719 evangelio
1373 1641 1472 1702 inter-

514 1753 656 1824 pretatur
670 1742 742 1824 pius
763 1742 869 1814 Jesus‚
885 1760 943 1823 per
963 1739 1097 1820 figuram
1120 1738 1274 1802 dictionis
1296 1742 1472 1819 affirmans,

516 1843 593 1926 quia
607 1842 732 1905 facilius
753 1851 803 1901 est
817 1840 975 1903 camelum
996 1860 1054 1921 per
1069 1841 1211 1902 foramen
1232 1860 1310 1903 acus
1324 1841 1472 1919 transire,

516 1963 610 2026 quam
627 1940 760 2003 divitem
775 1936 890 2002 intrare
911 1939 945 1999 in
970 1960 1103 2020 regnum
1119 1938 1297 2003 coeloruml
1337 1939 1385 2003 Et
1400 1941 1471 2024 qui·

515 2041 588 2105 dem
619 2041 673 2124 qui
702 2041 744 2103 ad
769 2039 995 2101 transeundum
1021 2039 1198 2102 Jordanem
1221 2041 1305 2123 pigri
1332 2037 1472 2119 fueraut,

516 2144 612 2206 altare
635 2140 895 2203 contradictionis
917 2151 950 2202 et
972 2140 1116 2204 scandali
1145 2152 1257 2223 postea
1278 2138 1471 2220 erexerunt3

516 2244 600 2304 sicut
614 2242 759 2324 episcopi
775 2242 885 2316 nostri,
900 2243 956 2324 qui
973 2244 1033 2304 sub
1049 2253 1212 2325 praetextu
1226 2242 1320 2327 juris,
1335 2244 1470 2308 sormam

513 2355 546 2407 et
565 2343 703 2423 vigorem
721 2342 852 2425 justitiae
875 2354 1032 2406 conantur
1052 2335 1191 2422 eludere,
1212 2343 1269 2407 sed
1290 2339 1406 2408 ethos
1429 2345 1472 2409 ad

513 2444 668 2505 unitatem
698 2452 731 2505 et
760 2443 889 2526 pietatis
926 2445 1046 2506 cultum
1084 2446 1295 2528 triumphator
1324 2447 1469 2527 gentium

514 2545 673 2625 legatione
695 2544 791 2607 missa
813 2546 976 2607 revocabit
995 2546 1101 2622 Jesus,
1123 2546 1184 2608 hoc
1208 2557 1256 2608 est
1279 2545 1321 2608 ad
1346 2547 1469 2629 proles-

515 2646 635 2708 sionem
651 2646 732 2727 legis
755 2658 788 2709 et
803 2645 936 2727 justitiae
959 2648 1092 2724 cultum,
1108 2658 1143 2709 ut
1166 2647 1254 2729 quod
1275 2658 1400 2710 rectum
1422 2659 1471 2711 est

515 2770 623 2814 coram
648 2750 721 2811 Deo
744 2749 880 2831 sapiant,
897 2750 1078 2832 loquantur,
1099 2761 1131 2812 ct
1151 2749 1279 2822 faciant,
1303 2761 1336 2812 et
1358 2751 1472 2813 armati

515 2853 736 2915 exhortatione
761 2851 896 2932 Moysis,
910 2849 944 2911 id
967 2861 1016 2912 est
1035 2850 1154 2914 divinae
1176 2851 1267 2932 legis,
1283 2853 1472 2934 praecedant

514 2955 626 3016 fratres
652 2975 736 3029 suos,
760 2951 862 3015 donec
888 2951 1017 3014 Christo
1045 2952 1211 3014 haereditas
1239 2973 1306 3030 sua,
1332 2954 1472 3016 ecclesia
1556 2935 1562 2954 ⁵

515 3057 647 3129 scilicet,
670 3057 821 3116 liberetur
847 3053 887 3114 de
913 3054 1061 3115 manibus
1085 3055 1237 3131 hostium,
1264 3066 1296 3116 et
1321 3065 1398 3138 post
1420 3055 1468 3116 in·

515 3159 618 3236 clytos
635 3155 675 3217 de
691 3156 782 3216 viciis
798 3154 974 3236 triumphos
990 3153 1166 3216 stabiliatur
1180 3155 1214 3216 in
1231 3166 1321 3217 terra.

558 3259 591 3319 Si
607 3257 732 3318 interim
746 3255 989 3317 Heresordensis
1005 3256 1187 3338 episcopua,
1200 3256 1256 3336 qui
1273 3278 1292 3318 a
1305 3258 1470 3342 plerisque

514 3357 680 3418 videbatur
697 3354 887 3415 liberaturus
908 3356 1018 3431 lsrael,
1038 3356 1072 3417 in
1091 3367 1278 3440 contemptu
1298 3358 1424 3436 mundi,
1438 3371 1471 3422 et

514 3457 628 3540 peritia
641 3454 827 3532 litterarum,
848 3477 980 3538 quarum
1004 3458 1044 3519 ab
1066 3457 1196 3538 ignaris,
1211 3460 1260 3520 vel
1280 3480 1353 3521 eum
1374 3461 1467 3542 igno-

514 3560 659 3621 rantibus
681 3557 821 3621 creditur
843 3558 961 3620 habere
988 3559 1126 3640 copiam,
1149 3582 1204 3623 vos
1227 3562 1470 3625 conturbatores

515 3662 661 3724 ecclesiae
676 3671 849 3742 nuncupat,
865 3660 893 3720 ei
913 3670 945 3721 et
968 3660 1179 3741 complicibus
1195 3662 1261 3724 suis
1282 3662 1470 3744 responderi

515 3763 630 3846 poterit
647 3760 752 3824 verbis
776 3762 883 3824 Heliae
906 3760 1054 3822 similiter
1074 3762 1244 3845 objurgati,
1268 3763 1406 3826 dicentis
1426 3765 1469 3827 ad

515 3866 639 3940 Achab,
663 3866 737 3927 Non
763 3884 818 3944 epo
844 3861 975 3924 turbavi
1004 3862 1121 3939 Israel,
1145 3866 1201 3926 sed
1226 3873 1272 3942 tu,
1298 3874 1330 3927 et
1358 3868 1470 3928 doram

511 3968 621 4045 patric
648 3968 709 4042 tui,
734 3968 792 4046 qui
822 3965 1042 4045 dereliquistis
1071 3966 1232 4028 mundato
1260 3969 1409 4044 Domini,
1437 3978 1471 4030 et

515 4070 643 4147 sequuti
665 4069 743 4126 eatis
773 4067 926 4126 Baalim:
959 4086 1025 4127 nou
1047 4064 1134 4148 quod
1155 4088 1208 4128 ore
1233 4080 1336 4130 vestro
1363 4070 1468 4144 velim,

513 4166 569 4248 qui
595 4164 782 4225 modestiam
809 4165 941 4242 suadac,
969 4167 1038 4229 haec
1070 4168 1227 4251 episcopis
1256 4171 1463 4253 responderi;

514 4266 571 4329 sod
591 4263 651 4326 sibi
673 4285 692 4325 a
714 4265 920 4327 conscientiis
943 4268 1019 4344 suis,
1041 4270 1090 4332 vel
1111 4271 1150 4331 ab
1174 4271 1282 4353 aliquo
1307 4272 1466 4352 religioso,

513 4369 568 4453 qui
585 4364 733 4446 corripiat
748 4384 815 4440 coa,
830 4385 867 4425 co
891 4367 977 4447 quod
993 4369 1056 4431 sint
1071 4372 1208 4432 cultores
1229 4373 1375 4447 lezabel,
1394 4395 1465 4455 qnae
