3667 5475
390 777 566 860 rtet-8]
798 796 974 841 nrrsronn.
1298 785 1342 842 417

387 950 575 1015 mandatum
592 962 732 1013 vestrum
749 970 811 1011 non
827 947 939 1013 debuit
952 970 1018 1012 esse
1029 947 1218 1035 captiosum,
1230 945 1284 1011 sed
1299 971 1340 1012 ex

385 1076 452 1141 quo
478 1052 512 1116 in
538 1050 727 1139 exequendo
750 1050 901 1115 obediens
924 1054 1073 1115 inventus
1097 1062 1144 1115 est
1168 1063 1201 1115 et
1224 1050 1339 1129 fidelis,

384 1155 494 1242 ipsom'
507 1166 612 1219 vestro
627 1152 747 1218 auxilio
761 1163 948 1239 oportuerat
963 1153 1114 1218 roborari.
1161 1153 1235 1217 Fiat
1248 1168 1338 1238 ergo,

386 1257 413 1321 si
428 1257 544 1343 placet,
560 1254 646 1342 quod
663 1268 797 1342 patrem,
817 1254 904 1341 quod
929 1258 1110 1319 Romanum
1130 1254 1221 1320 decet
1235 1255 1340 1341 ponti-

384 1359 488 1439 ficem,
518 1373 555 1424 ut
579 1360 647 1447 jam
678 1358 786 1422 dictus
813 1358 981 1443 episcopus
1009 1357 1166 1422 auxilium
1196 1366 1339 1425 vestrum

385 1461 526 1526 inveniat
548 1462 583 1525 in
606 1459 824 1536 tribulatione,
836 1482 936 1544 quam
959 1481 1019 1545 pro
1040 1459 1226 1525 executione
1250 1482 1339 1523 man·

386 1563 455 1628 dati
471 1564 568 1627 vestri
582 1561 747 1626 humiliter
760 1574 888 1647 portare
899 1561 1036 1625 ridetur.
1072 1561 1246 1627 Restituite
1260 1561 1301 1637 ei,
1313 1562 1339 1625 si

386 1666 504 1752 placet,
519 1664 652 1750 gratiam
677 1673 825 1741 vestram,
846 1676 879 1727 et
901 1661 1054 1736 adversus
1075 1662 1183 1728 hostes
1201 1663 1340 1727 ecclesiae

386 1767 506 1833 fortius
521 1765 692 1831 dimicabit.
731 1767 772 1829 Ei
788 1785 929 1851 namque
943 1764 983 1827 ad
999 1763 1117 1830 bestias
1129 1763 1338 1851 pugnandum

387 1881 448 1935 est.
472 1869 552 1947 Quis
563 1890 704 1954 unquam
717 1890 810 1932 suum
824 1866 989 1953 suspendit
1000 1865 1165 1943 athletam,
1177 1878 1214 1930 ut
1225 1865 1339 1931 fortine

387 1970 573 2035 dimicaret?
596 1972 741 2055 Pugnam
753 1968 901 2055 episcopo
909 1968 1083 2046 indixistis,
1095 1981 1126 2032 et
1143 1989 1256 2033 manus
1270 1969 1340 2054 ejus

385 2072 501 2139 tenetis
522 2069 679 2157 alligatas.
734 2072 914 2157 Majestatis
935 2071 1044 2157 itaque
1063 2084 1178 2137 restrae
1199 2068 1339 2157 pedibus

386 2175 550 2260 provoluti
563 2174 793 2261 supplicamus,
815 2187 851 2238 ut
875 2173 980 2239 soluto
1000 2174 1148 2261 episcopo
1163 2174 1195 2239 in
1211 2196 1265 2237 eos
1281 2172 1338 2259 qui

387 2289 497 2340 contra
511 2278 696 2364 episcopum
713 2291 744 2340 et
761 2299 817 2340 nos
832 2277 930 2363 ipsos,
938 2278 1046 2357 immo,
1057 2276 1145 2363 quod
1161 2277 1265 2361 majus
1279 2289 1338 2353 est,

384 2392 498 2443 contra
512 2379 701 2465 apostolicas
712 2378 887 2443 sanctiones
901 2378 985 2443 bona
999 2379 1137 2443 ecclesiae
1149 2401 1229 2442 ausu
1245 2377 1339 2441 sacri-

387 2480 460 2564 lego
494 2481 636 2547 detinere
668 2495 877 2566 praesumunt,
908 2481 1026 2546 debitae
1060 2478 1339 2546 animadversionis

387 2605 484 2668 poena
493 2596 724 2671 retorqueatur,
735 2598 766 2648 et
779 2583 944 2671 apostolici
958 2584 1095 2648 nominis
1107 2594 1340 2669 contemptores

387 2685 501 2751 vestris
524 2685 661 2752 stimulis
684 2700 859 2772 urgeantur
885 2686 926 2751 ad
951 2687 1044 2764 viam,
1069 2686 1109 2750 ad
1132 2686 1240 2770 quam,
1262 2706 1339 2748 arcu

384 2810 486 2873 quam
502 2787 621 2874 gladio,
636 2789 761 2853 facilius
776 2802 807 2853 et
824 2789 949 2853 felicius
963 2788 1168 2853 reducantur.

574 3121 797 3193 EPISTOLA
819 3123 981 3192 X'V.-a‘n
996 3139 1151 3192 ananau».

725 3266 871 3327 Adriano
887 3267 1001 3345 Popoe.

432 3398 650 3462 Saucmrffls
662 3410 776 3462 vestrae
788 3397 972 3462 mandatum
985 3419 1088 3483 nuper
1099 3399 1289 3486 accepimus,
1302 3414 1339 3467 ut

383 3497 475 3584 qnod
497 3496 539 3560 de
560 3511 634 3561 ortu
657 3510 689 3561 et
712 3497 879 3562 nativitate
902 3495 1090 3562 venerabilis
1110 3499 1166 3565 viri
1192 3501 1339 3567 Gauterii

384 3599 529 3664 canonici
557 3599 656 3663 sancti
680 3600 757 3663 Rufi
780 3622 820 3663 ex
847 3599 993 3684 diligenti
1018 3600 1225 3686 inquisitione
1248 3603 1340 3668 nobis

385 3700 572 3778 innotuerit,
584 3701 741 3787 majestati
754 3715 867 3766 vestrae
882 3703 1059 3786 significare
1070 3727 1133 3769 non
1144 3704 1338 3772 differamus.

386 3807 452 3869 Res
465 3816 585 3880 autem,
595 3825 692 3890 quam
708 3801 865 3889 qnaeritis,
876 3803 964 3891 apud
974 3827 1031 3867 nos
1045 3804 1150 3869 multa
1163 3808 1339 3891 quaestione

385 3929 448 3970 non
467 3904 602 3991 indiget,
621 3928 718 3992 quum
739 3906 843 3971 luceat
865 3929 923 3993 per
945 3905 1079 3992 seipsam
1100 3905 1191 3984 adeo,
1215 3921 1252 3971 ut
1272 3932 1339 3995 prae

388 4005 553 4072 nobilitate
572 4008 741 4094 majorum,
756 4006 882 4072 claritas
903 4009 1003 4073 totius
1024 4009 1219 4093 cognationis
1242 4010 1341 4078 latere

385 4131 451 4173 non
488 4109 600 4194 possit.
659 4109 820 4174 Praefatus
858 4132 996 4197 namque
1035 4112 1221 4190 Gauterius,
1257 4115 1341 4180 sicut

385 4233 448 4297 pro
476 4224 564 4275 certo
593 4212 751 4290 novimus,
780 4212 866 4276 filius
894 4212 958 4278 tuit
985 4212 1118 4278 illustris
1147 4215 1269 4294 militis,
1299 4218 1341 4281 de

386 4326 490 4378 matre
499 4310 759 4400 nobili‚legitimo
769 4327 936 4401 susceptus
945 4314 1193 4396 matrimonio‚ct
1203 4318 1340 4382 nobilem

385 4426 534 4479 nostrum
558 4410 608 4480 W.
629 4415 672 4479 de
695 4416 826 4481 Braiosa
844 4415 949 4481 vicina
970 4416 1133 4502 sanguinis
1153 4420 1340 4504 cognatione

432 4535 506 4580 vor..
524 4536 547 4580 1.
856 4538 875 4580 c
