3667 5475
1422 611 1441 647 b

527 784 590 843 tto
786 795 921 839 rasurus
937 793 1219 839 ssasssaarnasrs
1391 782 1441 860 [a.
1460 800 1494 844 n.

550 1072 770 1138 EPISTOLA
795 1073 1047 1137 CLXXV-so
1063 1090 1210 1135 raonem
1225 1091 1467 1138 cluanuama-

670 1192 738 1237 seu
753 1191 1060 1237 aucaramscoeau.
1109 1173 1153 1252 [r.
1173 1193 1203 1237 n.
1224 1175 1333 1255 noa]

531 1326 665 1390 Ttomae
695 1327 924 1389 &atoariensi
949 1324 1322 1404 archiepiscopalem.
1355 1326 1490 1391 Sorech.

569 1427 717 1491 Salutem
731 1434 763 1488 et
783 1424 973 1503 confortari.
985 1424 1021 1484 in
1042 1442 1080 1484 eo
1102 1423 1159 1502 qui
1180 1423 1322 1504 desupot
1341 1427 1488 1488 amicitia

565 1528 722 1608 gentium,
733 1535 767 1589 et
778 1527 955 1606 impiorum
966 1530 1101 1586 conatus
1115 1532 1252 1585 evacuat
1263 1532 1297 1586 et
1303 1533 1489 1604 potestates

567 1631 691 1691 evertit.

566 1764 696 1826 Racar’r
717 1782 821 1845 nuper
845 1762 969 1825 litteras
993 1762 1193 1845 paternitatis
1217 1771 1338 1838 vestrae,
1362 1764 1485 1847 quibus

522 1862 696 1947 praecipitis
711 1873 747 1925 ut
761 1861 851 1924 vobis
866 1862 1038 1925 rescribam
1055 1862 1143 1946 quod
1158 1862 1237 1924 mihi
1252 1861 1356 1949 visum
1372 1864 1482 1944 fuerit,

521 1964 677 2047 inspectis
691 1964 806 2027 litteris
822 1963 944 2026 domini
959 1963 1208 2027 saresberiensis
1229 1972 1261 2026 et
1282 1962 1306 2023 J
1308 1966 1425 2027 oannis
1440 1966 1483 2030 de

522 2063 710 2127 Oxeneford
732 2074 764 2126 et
789 2064 936 2145 Magistri
964 2064 1093 2127 Hervaei
1122 2074 1155 2127 et
1186 2063 1309 2126 domini
1337 2065 1479 2129 Nicolai.

521 2164 606 2224 Puer
619 2174 726 2225 autem
741 2184 847 2245 neque
858 2166 880 2226 J
881 2185 1004 2227 oannes
1018 2185 1124 2249 neque
1136 2166 1292 2246 Magister
1308 2166 1480 2245 Hervaeus,

520 2282 600 2345 quas
614 2262 786 2345 plurimum
802 2262 949 2325 desidero
963 2264 1084 2327 litteras
1099 2264 1239 2342 tradidit,
1255 2265 1314 2327 sed
1336 2278 1479 2331 mentem

517 2362 652 2424 Joaunis
667 2382 709 2423 ex
725 2362 836 2425 vestris
856 2373 889 2424 et
910 2362 1067 2446 episcopi,
1082 2374 1115 2425 et
1129 2363 1272 2446 Capituli
1296 2365 1476 2429 Saresberi·

517 2464 605 2528 ensis
619 2465 711 2528 sacile
727 2476 777 2527 est
790 2485 975 2545 agnoscere.
1024 2465 1159 2529 Electus
1175 2488 1248 2529 vero
1265 2468 1476 2534 Camotensis

517 2564 596 2648 quid
615 2566 707 2628 vobis
728 2565 956 2645 significaverit
977 2565 1098 2643 nescio,
1114 2566 1190 2649 quia
1211 2566 1245 2627 in
1267 2568 1382 2632 litteris
1404 2571 1474 2655 ejus

516 2666 597 2729 nihil
627 2667 715 2730 aliud
745 2667 935 2743 continetur,
965 2666 1026 2727 nisi
1057 2675 1093 2728 ut
1122 2665 1293 2730 Vincentio
1324 2671 1475 2737 credatis.

517 2771 593 2834 Hoc
616 2791 691 2851 ergo
713 2769 814 2833 deluit
841 2768 1046 2832 instructioni
1071 2789 1163 2844 meae,
1185 2769 1274 2852 quod
1299 2771 1475 2853 plurimum

516 2874 717 2954 appetebam,
749 2881 781 2933 et
809 2869 897 2953 quod
926 2870 1008 2933 scitu
1038 2869 1260 2950 dignissimum
1292 2883 1350 2951 est,
1376 2896 1474 2940 nosse

516 2971 664 3035 videlicet
690 2970 828 3054 qualiter
853 2969 983 3050 negotia
1004 2979 1108 3031 vestra
1134 2980 1321 3053 prosperata
1348 2974 1414 3037 sint
1438 2976 1474 3038 in

514 3094 612 3136 manu
642 3071 788 3152 Magistri
819 3068 947 3132 Hervaei
978 3079 1010 3131 et
1049 3091 1144 3152 quam
1175 3093 1272 3153 opem
1305 3075 1474 3159 naufragio

512 3174 672 3238 Ecclesiae
681 3173 867 3251 Anglicanae
877 3171 970 3234 sedes
980 3172 1231 3254 apostolicarum
1242 3195 1307 3256 qua
1316 3179 1471 3258 patimur,

512 3274 687 3337 decreverit
714 3269 878 3352 impertiri,
903 3272 980 3335 inde
1007 3273 1094 3334 enim
1122 3276 1284 3356 oportebit
1309 3282 1470 3344 cautelam

512 3370 639 3436 consilii
661 3372 839 3448 informare,
862 3385 898 3435 ut
923 3373 1020 3457 juxta
1042 3377 1227 3456 parabolam
1250 3381 1471 3461 evangelicam

511 3475 618 3538 turrim
635 3475 707 3556 quis
723 3473 937 3537 aedificaturus
952 3476 1067 3538 sedens
1082 3487 1230 3559 sumptus
1246 3493 1423 3564 computet,
1436 3495 1470 3546 et

510 3598 584 3639 cum
606 3597 679 3656 rege
703 3595 929 3656 congressurus
952 3575 1063 3658 copias
1086 3597 1160 3639 suas
1184 3577 1269 3640 domi
1293 3597 1470 3661 recenseat,

508 3702 549 3742 ne
565 3677 672 3758 magni
689 3676 867 3739 conaminis
882 3686 937 3739 aut
948 3677 1170 3739 ostentationis
1186 3680 1293 3742 subita
1304 3691 1337 3744 et
1352 3682 1467 3746 incon-

508 3781 647 3844 siderata
671 3777 879 3860 praesumptio
902 3774 978 3853 risui
1000 3788 1054 3838 aut
1081 3777 1180 3839 ruinae
1203 3781 1338 3861 turpiter
1363 3803 1468 3865 expo-

509 3891 612 3945 natur.

551 3984 621 4045 Nec
637 3982 699 4043 hoc
715 3980 860 4056 dixerim,
879 3980 965 4062 quod
981 3981 1166 4043 Ecclesiam
1186 3977 1375 4060 Romanam,
1392 3985 1465 4065 spei

505 4090 622 4142 nostrae
637 4079 879 4141 fundamentum
895 4081 1028 4143 arbitrer
1048 4082 1261 4157 statuendam,
1277 4083 1333 4145 sed
1356 4085 1463 4167 ipsum

504 4180 616 4255 solum,
633 4198 727 4260 super
744 4199 809 4259 quo
825 4189 858 4240 et
872 4181 928 4242 illa
943 4181 1074 4243 fundata
1098 4194 1156 4258 est,
1174 4193 1206 4244 et
1226 4185 1260 4245 in
1285 4206 1350 4268 quo
1373 4207 1463 4267 quae-

502 4281 582 4343 libet
596 4297 692 4359 opera
712 4276 848 4338 fideliter
870 4278 1011 4342 radicata
1027 4283 1223 4345 convalescit
1247 4284 1289 4346 ad
1313 4285 1463 4362 fructum,

503 4394 535 4446 et
557 4385 793 4442 consummatur
818 4377 850 4438 in
878 4378 988 4458 gloria.
1034 4383 1095 4443 llle
1123 4373 1208 4445 enim
1234 4386 1328 4446 nobis
1357 4387 1398 4448 sit
1423 4386 1457 4448 in
