3667 5475
436 787 548 867 lica]
822 803 1001 847 uetsrotn.
1326 790 1388 847 2⁰1

478 960 530 1021 De
546 957 663 1020 Cantia
682 972 787 1019 antem
809 956 891 1017 nihil
906 954 1025 1017 audiri
1065 951 1282 1017 Veruntamen
1303 969 1394 1037 post-

433 1080 531 1141 quam
555 1077 639 1141 puer
660 1078 752 1119 meus
772 1079 792 1118 a
814 1058 907 1118 robis
928 1078 1074 1118 reversus
1091 1069 1152 1131 est,
1169 1055 1279 1117 audiri
1301 1058 1392 1139 quod

431 1180 491 1221 rex
516 1158 686 1221 Scotorum
704 1159 876 1240 scripserat
895 1158 998 1229 robis,
1012 1172 1047 1219 et
1066 1158 1155 1240 qnod
1175 1156 1358 1222 obtinuerat
1370 1183 1393 1223 a

432 1282 508 1341 rege
530 1281 647 1341 pacem
671 1272 817 1322 vestram.
855 1258 922 1321 Sed
946 1280 1013 1320 non
1037 1260 1129 1340 potui
1152 1256 1249 1321 fidem
1272 1260 1392 1324 habere

435 1362 558 1425 verbis:
594 1376 662 1424 tum
689 1362 768 1444 quia
792 1360 892 1422 audio
918 1360 1088 1422 Scotorum
1113 1382 1224 1442 regern
1247 1383 1312 1424 non
1338 1385 1394 1426 ac·

433 1465 571 1528 cessisse
590 1462 632 1525 ad
653 1476 808 1538 nostrum,
823 1478 891 1523 urm
913 1462 993 1545 quia
1009 1461 1175 1541 negotium
1196 1475 1262 1524 tam
1276 1465 1393 1527 acriter

433 1566 599 1647 inceptum
616 1563 721 1640 rideo,
732 1579 766 1625 ut
780 1585 846 1624 non
861 1563 966 1645 possit
978 1564 1049 1623 sine
1060 1562 1218 1624 miraculo
1231 1563 1395 1647 fucileper

433 1666 543 1727 literas
564 1663 723 1746 expediri.
761 1664 921 1725 Praeterea
934 1662 1053 1723 dicitur
1070 1661 1159 1744 quod
1173 1684 1283 1726 comes
1296 1665 1393 1728 tum

435 1763 561 1828 drensis
584 1776 698 1845 rogatu
719 1765 933 1847 imperatricis
957 1776 991 1824 et
1013 1763 1131 1843 reginae
1153 1786 1287 1845 magnos
1308 1766 1394 1830 viros

434 1866 522 1929 misit
536 1866 577 1929 ad
599 1888 719 1947 regem,
733 1888 834 1945 agens
849 1865 890 1926 de
910 1886 993 1945 pace
1008 1877 1122 1938 restra,
1137 1877 1170 1928 et
1188 1864 1275 1948 quod
1292 1866 1393 1929 redie-

434 1983 518 2031 runt.
555 1968 620 2031 Sed
635 1968 715 2050 quid
736 1968 910 2043 retulerint,
925 1966 1081 2027 incertum
1102 1965 1218 2030 habeo.
1254 1969 1308 2031 Ad
1322 1969 1393 2032 hec

436 2070 567 2152 quidam
579 2069 620 2131 de
632 2069 820 2131 domesticis
832 2069 955 2143 reseis,
965 2080 1002 2130 ut
1012 2068 1120 2145 audio,
1130 2072 1172 2132 ab
1183 2072 1394 2155 expeditione

436 2174 564 2236 Walliae
579 2172 622 2235 ad
637 2193 694 2233 ros
709 2173 825 2233 reversi
837 2183 922 2231 sunt
961 2167 1011 2231 Ea
1025 2185 1154 2253 propter
1166 2174 1248 2235 mihi
1261 2172 1395 2238 rescribi

406 2260 408 2263 ⁵
436 2295 559 2356 precor,
582 2287 615 2336 et
638 2272 680 2335 de
706 2273 838 2345 nuncio,
862 2294 958 2354 quem
984 2270 1026 2335 ad
1053 2295 1111 2335 ros
1136 2276 1310 2340 transmisit
1334 2298 1393 2339 rex

436 2375 569 2454 Scotiae,
587 2390 621 2437 et
641 2375 683 2437 de
704 2375 834 2437 nunciis
855 2375 983 2436 comitis
1001 2375 1209 2438 flandrensis
1225 2377 1396 2442 destinatis

436 2475 478 2537 ad
494 2474 656 2556 ressemaet
670 2478 758 2559 quod
774 2475 910 2538 audistis
920 2475 961 2538 de
974 2477 1104 2538 domiuo
1114 2498 1200 2557 rege,
1210 2490 1243 2539 et
1251 2481 1395 2543 Wallen-

435 2577 538 2651 sibus,
553 2577 627 2639 etsi
643 2576 722 2659 quid
737 2577 778 2639 de
792 2577 926 2639 domino
941 2598 1028 2659 papa
1042 2578 1134 2639 vobis
1148 2576 1297 2657 innotuit,
1307 2594 1393 2663 postu

435 2700 532 2762 quam
550 2679 636 2742 venit
649 2679 692 2742 ad
707 2694 846 2742 montem
863 2679 1081 2742 Pessulanum.

479 2781 638 2843 Desidero
660 2796 766 2844 autem
791 2783 832 2844 de
854 2803 893 2843 oo
915 2781 1025 2842 audire
1048 2800 1209 2863 prospera,
1232 2804 1272 2844 eo
1292 2785 1393 2865 magis

437 2905 501 2967 quo
516 2884 566 2946 illi
585 2905 627 2945 ex
644 2905 763 2964 magna
783 2896 881 2966 parte,
895 2884 979 2944 inter
997 2903 1080 2964 quos
1100 2903 1215 2957 moror,
1230 2885 1261 2947 ei
1282 2886 1390 2949 ratici-

436 2998 552 3049 uautur
566 2985 709 3048 adversa.
742 2987 866 3048 Dicunt
876 2986 963 3046 enim
975 2982 1064 3066 quod
1076 2979 1185 3046 Pisani
1195 2997 1229 3048 et
1240 2987 1392 3050 Genusu-

435 3111 498 3164 ses,
512 3110 550 3152 ac
565 3089 663 3150 etiam
679 3088 883 3150 Arelatenses
902 3108 988 3148 mare
1003 3087 1140 3166 ingressi
1154 3098 1230 3149 sunt
1244 3109 1287 3150 ex
1301 3109 1391 3152 mau-

436 3190 513 3252 dato
543 3189 715 3251 Teutonici
745 3189 882 3271 tyranni,
910 3199 946 3250 ut
973 3189 1004 3250 ei
1034 3187 1165 3251 tendant
1189 3189 1334 3267 insidias,
1359 3203 1394 3255 et

437 3291 602 3373 piraticam
629 3304 822 3364 exerceant3
852 3303 889 3351 ut
913 3291 983 3352 sine
1007 3289 1256 3355 manuductione
1281 3314 1391 3357 eorum

437 3390 518 3454 nulli
533 3391 666 3455 omuino
687 3391 785 3452 liceat
799 3391 947 3471 navigare
967 3390 1002 3452 in
1017 3391 1074 3452 illo
1094 3393 1183 3455 mari.
1221 3391 1391 3476 Adjiciunt

435 3494 530 3556 etiam
551 3492 639 3576 quod
654 3492 686 3554 in
706 3492 877 3554 ecclesiam
893 3492 1116 3573 Moguutinam
1138 3495 1213 3557 velit
1231 3496 1391 3561 intrudere

435 3595 526 3657 illum
543 3616 609 3657 non
621 3593 852 3670 Christianum,
860 3592 917 3655 sed
932 3591 1202 3668 Anti-Christum,
1214 3609 1392 3677 apostatam

438 3717 545 3768 suum,
561 3695 616 3778 qui
633 3696 817 3774 Reginaldo
832 3693 989 3757 successit
1003 3694 1036 3754 in
1052 3692 1160 3754 officio
1179 3697 1392 3776 cancellatim,

436 3809 469 3859 ct
484 3796 706 3879 persecutione
722 3796 880 3870 ecclcsiae,
894 3809 928 3855 et
946 3793 1112 3855 collisione
1134 3814 1173 3854 ac
1188 3804 1294 3874 strage
1314 3818 1393 3878 gen·

435 3898 527 3974 tium,
542 3911 576 3958 et
595 3898 760 3959 eversione
775 3896 950 3958 civitatum.
988 3887 1116 3954 Dicitur
1134 3892 1221 3955 enim
1242 3894 1303 3958 hoc
1318 3919 1391 3982 pm.

436 3999 588 4061 meruisse
603 3998 636 4059 in
652 4018 702 4072 eo,
717 3996 806 4080 quod
821 3995 973 4057 Tusciam
997 4005 1094 4054 totam
1110 3992 1296 4060 Teutonicis
1314 4003 1390 4066 sub·

436 4099 528 4176 didit,
550 4111 583 4162 et
601 4099 825 4181 Campaniam,
841 4110 875 4158 ut
894 4094 1052 4157 Romanis
1075 4094 1152 4158 nihil
1171 4097 1316 4162 relictum
1338 4105 1389 4182 sit,
1481 4175 1484 4181 ,

438 4204 546 4266 necin
563 4202 658 4283 agris,
674 4223 735 4263 nec
757 4202 790 4262 in
805 4199 942 4271 olivetis
959 4212 1013 4260 aut
1035 4195 1146 4272 vineis,
1162 4210 1255 4261 extra
1274 4207 1392 4269 moenia
1411 4256 1413 4261 ,

437 4306 532 4368 orbis.
581 4303 688 4378 Unde,
713 4315 749 4363 ut
775 4302 874 4376 aiunt,
899 4301 1043 4364 inclusus
1066 4300 1217 4380 populus,
1240 4312 1272 4360 et
1298 4305 1390 4381 quasi

436 4409 570 4470 allectus
593 4404 701 4468 inedia
723 4403 863 4465 obtinuit
884 4401 993 4465 multis
1016 4398 1177 4479 precibus,
1200 4403 1233 4455 et
1253 4401 1390 4475 pecunia
