3667 5475
438 772 611 852 ilonea]
828 790 1007 835 umsroun.
1350 780 1393 837 29

436 952 541 1003 torum
557 953 748 1021 vestrorum,
763 954 794 1005 et
813 943 867 1027 jns
884 958 1022 1007 vestrum
1040 941 1197 1027 possimus
1211 944 1393 1028 protestari.

438 1041 573 1127 Siquid
598 1044 756 1130 estquod
781 1042 885 1107 nuntii
909 1044 1005 1108 vestri
1035 1043 1202 1108 attulerint
1232 1042 1321 1128 quod
1350 1043 1396 1105 ad-

433 1141 681 1226 ·Wigornensem
701 1155 836 1229 spectat,
852 1143 919 1206 sine
939 1165 1028 1206 mora
1042 1142 1233 1208 exhibeatur
1255 1155 1287 1207 et
1309 1142 1338 1206 ei
1361 1156 1394 1206 et

437 1244 686 1331 archiepiscopo,

465 1560 468 1564 .
510 1478 735 1543 EPISTOLA
757 1478 991 1539 XXVIL-a'n
1007 1495 1183 1541 nonianun
1200 1496 1320 1541 ranan.

695 1610 836 1674 Domino
851 1612 958 1693 Papae
974 1612 1133 1674 Adriano.

483 1745 729 1812 Iunonnnnrus
745 1767 834 1807 amor
857 1756 978 1808 tantam
1002 1744 1080 1807 mihi
1102 1744 1194 1809 dedit
1215 1745 1393 1824 audaciam,

439 1860 476 1912 ut
489 1847 645 1911 solicitare
656 1868 843 1931 praesumem
858 1867 916 1931 pro
927 1846 1015 1922 meis,
1025 1858 1056 1909 at
1069 1846 1239 1911 amicornm
1253 1871 1394 1913 meorum

439 1948 690 2025 necessitatibus,
707 1971 808 2033 quum
826 1951 883 2011 sim
907 1947 1015 2033 pulvis
1030 1961 1062 2011 et
1083 1948 1172 2026 cinis,
1188 1949 1396 2035 apostolicam

438 2051 654 2137 majestatem:
679 2070 789 2114 verum
806 2073 865 2135 pro
881 2049 930 2111 his
945 2047 1125 2113 fiducialius
1140 2051 1298 2136 supplico,
1313 2074 1395 2137 quos

438 2155 536 2231 vobis,
559 2165 656 2239 ‘pater
686 2153 831 2228 amande,
859 2166 890 2216 et
922 2165 1040 2216 sanctae
1072 2151 1225 2216 Romanae
1254 2154 1395 2219 ecclesia}

439 2255 595 2324 fideliores
624 2278 772 2341 agnosco,
799 2256 883 2318 inter
908 2277 990 2339 quos
1015 2268 1063 2318 est
1090 2255 1278 2320 venerabilis
1304 2271 1395 2341 pater

439 2356 587 2422 dominns
604 2356 824 2430 Norwicensis‚
838 2356 894 2441 qui
911 2356 993 2420 sicut
1008 2356 1198 2441 promptiori
1212 2369 1245 2422 et
1262 2357 1394 2442 pleniori

441 2458 609 2539 devotione
632 2459 826 2544 apostolatui
850 2471 955 2522 vestro
978 2458 1192 2546 submittitur,
1212 2459 1244 2523 in
1266 2458 1397 2523 ecclesia

442 2560 621 2645 Anglornm
638 2560 834 2624 fructuosius
848 2557 1032 2622 famulatur.
1079 2558 1129 2622 lta
1152 2558 1327 2623 manifestis
1343 2582 1396 2623 ca·

441 2661 571 2730 lumniis
586 2662 704 2748 saepius
718 2661 882 2746 affligitur,
899 2659 1050 2725 indebitis
1066 2662 1288 2726 vexationibus
1307 2683 1397 2725 man-

441 2765 591 2830 datorum
615 2777 792 2828 vestrorum
816 2767 981 2828 occasione
1003 2763 1226 2848 prosternitur,
1250 2765 1332 2827 sicut
1355 2787 1396 2829 ex

441 2866 605 2952 rescriptis
620 2868 839 2952 episcoporum
856 2866 990 2952 potestis
1005 2863 1177 2950 percipere.
1223 2864 1398 2929 Walcheli-

440 2993 499 3034 nus
515 2969 757 3033 archidiaconus
769 2968 1016 3054 comprehensus
1031 2965 1063 3029 in
1075 2965 1227 3050 operibus
1241 2989 1395 3054 manuum

440 3091 583 3145 suarum,
606 3082 643 3131 ut
666 3091 727 3131 uon
751 3069 846 3131 modo
869 3067 1054 3132 mandatum
1078 3079 1235 3146 nostrum,
1251 3068 1305 3131 sed
1324 3068 1396 3155 jus-

439 3173 545 3236 titiam
572 3171 702 3234 Domini
728 3182 871 3248 evacuet,
895 3183 928 3232 et
953 3191 1109 3232 sacrarum
1133 3169 1396 3234 constitutionum

439 3273 580 3359 laqueos,
595 3286 627 3337 et
645 3272 795 3357 judicum
818 3293 931 3334 manus
953 3271 1095 3354 effugiat,
1117 3260 1300 3356 religionem
1325 3295 1396 3335 ves·

441 3388 522 3440 tram
550 3375 780 3439 circumvenire
801 3374 929 3451 nititur,
953 3373 1012 3438 sub
1037 3386 1199 3460 praetextu
1222 3387 1253 3438 et
1281 3374 1396 3439 habitu

439 3476 661 3553 restitutionis
679 3499 777 3561 quum
794 3488 900 3539 tamen
920 3498 978 3561 per
999 3477 1106 3561 ipsum
1122 3474 1258 3549 steterit,
1275 3477 1301 3539 si
1316 3475 1397 3560 quid

438 3578 468 3643 ei
489 3578 590 3655 deest,
609 3601 674 3664 qno
695 3577 801 3641 minus
823 3601 892 3641 eam
915 3577 1076 3641 habuerit.
1123 3579 1231 3640 Taceo
1253 3576 1341 3663 quod
1363 3577 1398 3640 in·

439 3679 691 3764 redemptionem
707 3678 846 3742 criminis
865 3677 967 3741 multa
990 3677 1132 3762 promisit
1156 3677 1188 3740 in
1211 3689 1398 3762 contemptu

441 3784 526 3850 sedis
541 3782 722 3868 apostolicae
737 3784 778 3845 ab
793 3804 829 3844 ea
845 3804 1003 3857 reversus,
1019 3780 1114 3866 plura
1129 3780 1295 3844 commisit.
1341 3780 1397 3843 Ad

440 3887 591 3975 injuriam
608 3897 744 3948 vestram
761 3884 874 3947 venio:
898 3883 1055 3969 spurium,
1071 3903 1166 3966 quem
1183 3880 1210 3943 ei
1226 3879 1398 3945 revertenti
1461 3870 1463 3874 ’

440 4013 460 4056 a
474 3988 566 4054 vobis
581 3986 701 4051 focaria
715 3984 849 4071 peperit,
863 3984 903 4047 de
920 3983 1131 4048 sacratissimo
1151 3980 1277 4045 nomine
1292 3994 1401 4047 vestro

440 4090 596 4179 appellari
612 4091 764 4174 praecepit
781 4087 979 4151 Adrianum:
1011 4084 1142 4148 eandem
1159 4083 1289 4170 reliquit
1308 4097 1401 4172 pater

441 4192 622 4278 gravidam,
634 4188 689 4255 sed
704 4188 837 4275 provida
852 4188 1059 4273 dispositione
1071 4195 1226 4252 statutum
1243 4199 1302 4267 est,
1317 4199 1353 4251 ut
1369 4186 1396 4248 si

441 4293 523 4360 forte
538 4292 697 4382 pepererit
713 4295 888 4356 masculum
903 4289 1063 4376 appellent
1080 4290 1309 4370 Beneventum,
1321 4287 1398 4374 quia

442 4395 507 4461 illic
522 4395 745 4483 peregrinatur
760 4404 862 4478 pater,
874 4392 899 4456 si
915 4392 1089 4469 foeminam,
1102 4390 1228 4455 dicatur
1241 4390 1396 4454 Adriana.
