3667 5475
430 775 493 836 256
686 783 822 830 roauurs
839 779 1118 827 saussauurnusu
1291 762 1339 842 [u.
1357 781 1391 824 n.

431 951 464 1004 et
478 938 565 1003 aliud
585 959 718 1021 rognum
734 936 833 999 voluit
853 935 1018 998 illustrare.
1063 933 1183 995 Verum
1206 934 1283 1015 quia
1298 954 1390 995 nunc

431 1063 451 1104 a
465 1040 610 1124 partibus
623 1037 741 1102 nostris
762 1035 920 1110 receditis,
936 1054 1052 1117 precor
1074 1032 1238 1110 attentius,
1253 1043 1287 1096 ut
1313 1045 1392 1096 ante

432 1140 610 1205 discessum
636 1149 774 1203 vestrum
804 1137 884 1200 mihi
913 1156 1051 1219 semper,
1081 1145 1113 1199 et
1136 1135 1256 1218 ubique
1282 1146 1390 1199 vestro

431 1262 544 1327 pacem
574 1242 743 1305 reformare
774 1238 940 1316 studeatis,
970 1249 1001 1301 et
1032 1237 1119 1301 fratri
1148 1258 1230 1301 meo.
1286 1238 1392 1301 Novit

433 1346 518 1408 euim
535 1345 696 1407 Dominus
718 1342 794 1426 quia
815 1342 900 1405 banc
923 1340 1179 1422 indignationem
1195 1361 1247 1403 me
1262 1361 1392 1423 prome-

432 1447 532 1510 ruisse
553 1467 618 1509 non
641 1445 748 1508 credo.
793 1442 959 1506 Providete
975 1442 1095 1526 itaque,
1112 1452 1213 1524 pater,
1227 1441 1254 1505 si
1269 1442 1390 1523 placet,

432 1549 465 1611 iu
482 1569 546 1632 quo
562 1545 687 1611 calculo
702 1546 881 1629 relinquitis
897 1544 1018 1608 amicos
1033 1556 1163 1607 vestros.

477 1850 701 1915 EPISTOLA
725 1848 970 1913 currui-in
987 1867 1171 1912 nonnarum
1189 1866 1347 1912 nurouuu

645 1968 907 2015 munrouuusuu.
955 1946 1041 2030 [uu.
1068 1951 1175 2031 1166]

757 2112 868 2174 Priori
883 2113 1068 2175 Meritone.

479 2249 629 2311 Gnarus
644 2267 704 2327 ago
721 2246 822 2321 vobis,
845 2245 944 2328 quod,
961 2247 1044 2309 sicut
1065 2267 1109 2308 ex
1131 2247 1244 2309 litteris
1267 2248 1389 2325 vestris,
1497 2283 1498 2291 κ

438 2361 470 2415 et
498 2349 705 2432 plurimorum
730 2344 883 2410 relatione
911 2346 1022 2426 didici,
1048 2348 1111 2411 mei
1141 2347 1391 2412 sollicitudinem

439 2448 559 2531 geritis,
583 2460 615 2512 et
637 2468 730 2532 spero
755 2448 841 2532 quod
864 2470 924 2532 per
946 2448 1194 2512 misericordiam
1222 2447 1287 2511 Dei
1312 2449 1392 2511 mibi

438 2550 579 2634 proderit
600 2550 784 2614 sollicitudo
801 2561 913 2613 vestra.
960 2548 1065 2613 Credo
1081 2550 1149 2634 jam
1169 2549 1339 2632 profuisse,
1361 2560 1392 2613 et

440 2654 552 2717 vestris
582 2665 614 2717 et
644 2654 816 2717 amicorum
848 2653 973 2715 ascribo
1002 2653 1167 2738 precibus,
1196 2650 1284 2736 quod
1312 2651 1393 2714 mibi

438 2776 590 2840 prospere
606 2763 771 2819 cesserunt
791 2776 904 2818 omnes
919 2755 989 2818 dies
1011 2754 1279 2837 peregrinationis
1301 2775 1393 2818 mear.

439 2859 485 2920 Et
500 2859 575 2942 quia
590 2879 640 2921 me
657 2868 793 2920 vestrum
811 2878 936 2940 semper
952 2867 984 2919 et
998 2857 1119 2941 ubique
1140 2867 1265 2937 reput0,
1280 2876 1394 2939 precor

440 2962 603 3037 attentius,
627 2969 663 3024 ut
688 2980 745 3042 pro
768 2981 819 3021 me
842 2958 1044 3023 intercedatis
1069 2958 1109 3021 ad
1136 2957 1326 3032 Dominum,
1352 2979 1393 3020 ne

440 3085 491 3126 me
507 3085 603 3146 supra
617 3062 651 3124 id
667 3064 752 3145 quod
778 3082 907 3144 possum
933 3062 1046 3125 tentari
1069 3062 1218 3144 patiatur,
1236 3060 1294 3122 sed
1318 3082 1393 3124 cum

441 3166 618 3229 tentatione
641 3174 829 3246 proventum
851 3164 987 3227 faciam:
1015 3163 1156 3248 quand0,
1177 3171 1208 3224 et
1230 3164 1394 3246 quomodo

442 3267 504 3329 sibi
517 3267 619 3327 visum
634 3275 694 3341 est,
708 3266 735 3326 si
753 3274 858 3327 tamen
874 3266 936 3328 hoc
955 3266 1054 3328 visum
1071 3265 1176 3338 fuerit,
1194 3286 1245 3326 me
1261 3264 1396 3328 reducat

441 3370 475 3431 iu
491 3378 605 3429 terram
620 3367 795 3429 nativitatis
810 3388 888 3430 meae
904 3370 974 3431 sine
995 3368 1167 3452 dispendio
1189 3368 1395 3430 conscientiae

443 3480 473 3533 et
488 3468 593 3547 famae,
608 3480 639 3530 et
659 3478 848 3553 conceptam
870 3469 1126 3552 indignationem
1150 3469 1275 3532 domini
1298 3471 1394 3551 regis,

443 3572 498 3655 qui
513 3592 576 3648 me,
591 3571 731 3634 Domino
747 3581 779 3634 et
793 3573 992 3635 conscientia
1011 3585 1102 3647 teste,
1119 3573 1215 3654 gratis
1238 3568 1297 3634 diu
1321 3593 1395 3656 per·

443 3682 598 3758 sequutus
614 3686 672 3750 est,
688 3685 720 3737 et
741 3672 845 3737 adhuc
864 3674 1077 3756 persequitur,
1099 3673 1232 3753 mitiget.
1279 3673 1396 3736 Pareat

443 3778 489 3840 illi
505 3778 607 3856 Deus,
622 3788 653 3840 et
668 3798 733 3838 nou
750 3777 834 3839 sinat
855 3787 891 3838 ut
913 3777 1055 3858 procella
1077 3776 1214 3838 turbinis
1234 3774 1331 3856 hujus
1352 3776 1395 3836 ab

443 3881 549 3942 animo
565 3901 636 3942 meo
653 3880 798 3942 excutiat
810 3878 985 3942 caritatem.
1031 3876 1173 3941 Confido
1185 3886 1290 3938 autem
1306 3873 1395 3957 quod

444 3978 592 4043 dominus
607 3980 844 4042 Londonieusis
859 3991 891 4041 et
913 3979 1159 4041 archidiaconus
1175 3976 1399 4055 PictaviensiS,

444 4081 471 4139 si
487 4081 757 4162 opportunitatem
774 4081 919 4158 viderint,
935 4093 1030 4162 agent
1045 4080 1085 4143 de
1101 4101 1180 4161 pace
1196 4100 1277 4140 mea.
1323 4079 1395 4142 Nec

446 4177 556 4239 diffido
572 4181 611 4241 de
627 4180 769 4241 Ricardo
785 4181 824 4244 de
840 4183 931 4244 Luci.
949 4223 951 4226 -
976 4182 1094 4245 Precor
1109 4182 1218 4262 itaque
1234 4190 1316 4242 utet
1332 4201 1399 4255 ros,

445 4278 473 4339 si
488 4278 758 4361 opportunitatem
774 4280 928 4360 videritis,
950 4283 1028 4344 istos
1050 4303 1107 4365 pro
1131 4303 1180 4342 me
1203 4280 1398 4354 sollicitetiS,

445 4391 601 4465 quatenus
633 4390 737 4443 tamen
768 4382 913 4444 ecclesiae
944 4394 1055 4447 vestrae
1091 4405 1157 4445 nou
1196 4379 1397 4447 credideritis
