3667 5475
514 767 573 828 106
767 781 903 826 Joannrs
921 778 1197 825 sanssnsnrsnsrs
1370 760 1420 841 [a
1433 780 1463 825 n.

508 931 647 1019 publicae
665 930 787 1017 aliquid
811 929 987 1016 indulgere.
1035 930 1068 993 Si
1091 929 1174 993 eninr
1192 951 1266 992 vera
1288 941 1364 1001 sunt
1387 953 1462 1016 quae

500 1034 658 1099 dicuntur
680 1056 700 1096 a
722 1031 942 1107 redeuntibus,
961 1043 994 1095 et
1015 1030 1138 1096 utinam
1158 1052 1233 1095 vera
1256 1031 1331 1111 sint,
1352 1054 1409 1096 rex
1433 1044 1466 1096 et

507 1146 577 1199 tota
602 1132 690 1199 curia
715 1132 797 1197 adeo
819 1130 961 1218 pendent
988 1132 1029 1197 de
1050 1130 1181 1195 consilio
1202 1144 1320 1211 vestro,
1342 1146 1380 1197 ut
1408 1156 1466 1197 nec

506 1256 578 1321 spes
597 1233 685 1320 pacis
700 1232 876 1311 immineat,
890 1232 950 1296 nisi
972 1254 1041 1298 earn
1057 1246 1165 1297 vestra
1187 1233 1360 1318 prudentia
1382 1258 1466 1321 prae·
1491 1222 1500 1242 ⁰

507 1335 634 1422 figuret.
679 1335 776 1400 Unde
801 1333 953 1400 dominus
978 1357 1068 1400 meus
1094 1334 1290 1421 quandoque
1315 1335 1465 1401 haesitare

507 1438 605 1526 coepit
622 1437 700 1525 quid
717 1437 758 1502 sit
774 1436 863 1524 quod
878 1436 1029 1502 dominus
1043 1460 1099 1502 rex
1116 1452 1149 1502 et
1165 1460 1220 1501 vos
1235 1459 1332 1524 super
1355 1439 1464 1512 reditu

508 1553 616 1607 vestro
637 1539 829 1606 maturando
851 1553 908 1603 aut
930 1538 1107 1604 differendo
1123 1538 1284 1615 interdum
1302 1542 1465 1606 contraria

506 1642 693 1730 postulastis
703 1656 735 1707 et
745 1641 892 1718 scribitis,
904 1664 1006 1728 quum
1015 1641 1048 1705 in
1060 1664 1138 1705 aure
1149 1655 1182 1707 et
1191 1664 1247 1706 ore
1258 1641 1349 1729 vulgi
1361 1658 1464 1721 sonet,

507 1745 599 1812 vobis
613 1768 682 1811 esse
696 1768 752 1811 cor
768 1766 867 1809 unum
884 1757 916 1808 et
932 1743 1067 1807 animam
1085 1766 1194 1821 unam,
1207 1742 1257 1807 vel
1269 1758 1404 1829 urgente
1418 1745 1466 1810 fa·

506 1848 698 1915 miliaritatis
713 1848 823 1914 anricae
839 1845 969 1913 stimulo
979 1845 1063 1911 idern
1074 1846 1166 1926 velle,
1175 1859 1207 1910 et
1218 1846 1302 1911 idem
1316 1848 1401 1913 nolle
1413 1872 1465 1912 ne.

507 1974 591 2028 cesse
602 1951 643 2016 sit
653 1951 752 2016 vobis.
786 1949 942 2027 Quaesivit
953 1947 1047 2013 etiam
1059 1933 1301 2035 ‹juandoquean
1312 1948 1422 2035 aliqua
1430 1951 1463 2015 in

506 2074 542 2116 re
550 2051 611 2116 ista
624 2065 731 2138 posset
742 2074 809 2115 esse
819 2050 960 2116 collusio.
995 2051 1041 2115 Et
1049 2074 1121 2135 ego,
1131 2050 1211 2137 quid
1222 2050 1336 2118 veritas
1345 2051 1463 2117 habeat

507 2152 586 2218 mihi
601 2152 712 2216 videor
731 2151 928 2238 praesentire,
944 2164 975 2216 et
1000 2152 1239 2237 quodammodo
1263 2160 1383 2218 statum
1409 2154 1465 2219 ab·

506 2256 605 2319 sentis
633 2266 666 2318 et
694 2253 868 2319 laborantis
897 2253 1141 2340 praesentialiter
1169 2253 1298 2318 intueri.
1354 2257 1462 2333 Quum

506 2353 1463 2441 itaquelitterasconceptasdamnarecornpellerer‚fluctuare

506 2455 600 2541 coepi,
626 2478 666 2530 an
696 2456 861 2542 expediret
888 2457 1036 2522 nuntium
1068 2455 1169 2541 magis
1193 2459 1337 2538 retinere,
1363 2480 1460 2543 quam

507 2556 644 2623 mittere.
691 2556 753 2621 Sed
769 2559 847 2642 quia
866 2557 934 2643 jam
950 2570 1081 2643 accepta
1104 2556 1356 2643 licentia-quam
1380 2580 1462 2643 prae·

505 2656 678 2723 machinati
693 2680 830 2738 eramus,
846 2680 1031 2744 egressurus
1045 2670 1125 2740 erat,
1140 2658 1222 2723 sedrt
1243 2658 1371 2725 tandem
1393 2659 1462 2722 ani·

507 2782 571 2841 mo,
601 2773 741 2826 vestrum
771 2759 911 2824 animum
942 2759 1118 2844 explorare,
1150 2760 1333 2845 litterasque
1362 2782 1463 2846 quam

507 2874 658 2947 urgentes
680 2859 785 2948 potui,
800 2860 872 2926 licet
895 2860 1018 2946 aliquid
1041 2860 1208 2946 indulgeat
1230 2859 1327 2947 regiae
1351 2859 1464 2927 volun-

507 2963 578 3042 tati,
604 2963 696 3028 vobis
721 2976 754 3028 et
778 2963 825 3026 illi
852 2963 1066 3028 transmittere
1092 2950 1273 3048 procuravi.
1320 2964 1463 3049 Porrigit

507 3087 565 3151 per
589 3088 645 3130 vos
668 3079 699 3128 et
725 3088 782 3151 per
806 3065 930 3129 litteras
955 3089 1028 3130 suas
1052 3087 1161 3151 preces
1183 3064 1332 3129 dominus
1354 3080 1463 3130 noster

506 3167 604 3253 regiae
619 3168 788 3253 majestati,
804 3167 998 3253 confiditque
1014 3192 1046 3232 se
1062 3168 1127 3231 fore
1143 3166 1349 3244 audiendum,
1364 3169 1390 3232 si
1407 3191 1464 3233 vos

506 3291 636 3354 operam
663 3267 813 3333 dederitis
843 3271 1067 3352 promovendis
1095 3270 1168 3337 illis.
1223 3271 1291 3333 Nec
1317 3293 1460 3355 unquam

507 3369 636 3431 memini
665 3368 772 3452 ipsum
808 3368 930 3454 aliquid
961 3367 1165 3436 affectuosius
1195 3370 1390 3455 postulasse:
1431 3384 1463 3435 et

507 3466 635 3554 quidem
652 3468 793 3534 honestae
809 3483 895 3547 sunt,
911 3484 943 3534 et
959 3495 1040 3556 quas
1050 3473 1175 3558 justum
1193 3484 1241 3536 est
1256 3471 1415 3552 exaudiri,
1430 3486 1462 3537 et

508 3594 643 3658 quarum
661 3571 787 3658 repulsa
801 3573 828 3636 ei
845 3595 907 3636 non
925 3575 1020 3638 modo
1034 3575 1264 3650 confusionem,
1281 3573 1335 3638 sed
1352 3587 1383 3637 et
1401 3574 1462 3638 dif-

507 3675 669 3741 fidentiam
696 3676 820 3763 gratiae,
848 3699 946 3762 quam
973 3699 1096 3761 semper
1126 3677 1298 3763 promereri
1325 3673 1463 3756 studuit,

507 3801 604 3867 super
624 3780 730 3846 omnia
744 3780 932 3867 reportabit.
979 3785 1051 3847 Hoc
1073 3792 1180 3844 autem
1195 3791 1243 3843 est
1267 3792 1304 3844 ut
1326 3778 1367 3842 de
1390 3802 1463 3865 pru-

506 3885 664 3955 movendo
686 3885 717 3948 in
740 3887 872 3949 ecclesia
894 3884 1070 3949 Exoniensi
1094 3882 1246 3968 magistro
1270 3881 1461 3964 B[artholo·

506 3990 601 4068 maeo]
616 3987 789 4050 Exoniensi
802 3987 1036 4064 archidiacono,
1046 3986 1114 4049 viro
1125 3986 1258 4049 honesto
1267 3995 1299 4049 et
1307 3984 1462 4062 litterato,

506 4099 538 4150 et
553 4108 613 4172 pro
625 4109 690 4171 quo
702 4087 876 4172 fidejubere
888 4088 997 4171 audet,
1010 4089 1132 4174 regium
1145 4110 1329 4151 consensum
1342 4099 1377 4150 et
1388 4109 1463 4150 auc-

507 4186 666 4252 toritatem
683 4188 844 4253 obtineat:
877 4212 1026 4275 saepeque
1050 4189 1261 4255 familiaribus
1284 4188 1349 4252 suis
1372 4187 1462 4264 dicit,

506 4288 569 4352 illis
581 4301 685 4354 tamen
697 4288 866 4370 duntaxat,
877 4291 996 4377 quibus
1012 4293 1071 4356 hoc
1083 4293 1215 4357 verbum
1228 4291 1462 4355 communicare

506 4391 589 4474 licet,
612 4415 645 4457 se
671 4415 733 4458 non
758 4391 889 4457 multam
920 4393 1035 4459 habere
1058 4394 1193 4480 gratiam
1221 4392 1342 4458 domini
1367 4392 1462 4476 regis,
