3667 5475
400 855 407 875 '
430 781 471 841 st
693 792 830 837 sossius
846 789 1125 838 sssssuusmnsrs
1290 773 1337 855 [s.
1358 793 1391 841 o.

431 965 583 1031 coporum
595 939 1093 1020 consilio‚d0minoWintoniensi
1103 940 1252 1007 dedimus
1261 946 1295 1007 in
1305 966 1396 1008 man·

432 1045 526 1125 datis,
541 1067 581 1107 ne
595 1043 766 1130 praefatum
782 1042 963 1107 Jordanum
980 1066 1077 1130 super
1092 1044 1207 1109 scholis
1223 1057 1393 1130 pateretur

430 1170 450 1211 a
464 1147 589 1209 «Ioanne
606 1145 740 1209 ulterius
755 1143 902 1228 fatigari:
927 1158 959 1210 et
975 1145 999 1208 si
1016 1167 1087 1208 eum
1104 1145 1262 1210 inveniret
1278 1161 1394 1212 vestrae

430 1260 463 1312 et
485 1260 604 1311 nostroe
626 1244 824 1310 auctoritatis
845 1255 1106 1332 contemptorem,
1130 1248 1236 1332 ipsum
1260 1247 1392 1333 publice

431 1348 632 1413 denuntiaret
648 1347 857 1412 anathematis
869 1347 995 1414 vinculo
1011 1348 1209 1413 innodatum.
1243 1352 1392 1414 Postmo-

431 1450 509 1516 dum
523 1471 598 1514 vero
612 1449 727 1536 elapsio
742 1449 852 1536 paucis
862 1449 978 1515 diebus
991 1451 1025 1515 in
1038 1464 1175 1516 nostram
1188 1454 1392 1538 praesentiam

431 1549 606 1629 redierunt,
615 1549 759 1614 Jordano
768 1564 906 1614 veterem
916 1550 1077 1636 querelam
1088 1550 1268 1615 innovante.
1295 1552 1393 1617 Dice·

431 1653 486 1718 bat
502 1653 585 1717 enirn
598 1654 621 1716 J
622 1674 754 1717 oannem
767 1663 839 1737 post
853 1650 1059 1716 interdictum
1073 1675 1243 1739 usurpasse
1254 1653 1391 1731 scholas,

434 1768 467 1820 et
481 1754 513 1818 in
529 1754 717 1820 sententiam
732 1752 943 1818 anathematis
958 1752 1117 1819 incidisse.
1161 1759 1301 1821 Joanues
1314 1777 1392 1819 vero

431 1856 492 1921 hoc
511 1855 761 1921 constantissime
776 1855 937 1919 inficiatus
956 1868 1017 1933 est,
1033 1868 1165 1941 paratus
1179 1855 1392 1923 incontinenti

431 1956 525 2022 tactis
540 1954 744 2019 sacrosanctis
763 1955 937 2039 evangeliis
946 1956 1068 2040 jurare,
1085 1958 1173 2042 quod
1193 1970 1268 2043 post
1283 1959 1395 2044 prohi-

432 2058 586 2122 bitionem
609 2070 748 2122 nostram
769 2080 789 2121 a
803 2059 989 2144 magisterio
1010 2060 1187 2130 destiterat.
1233 2062 1394 2132 Econtra

433 2159 597 2223 Jordanus
619 2181 652 2223 se
674 2158 727 2222 die
749 2159 882 2244 praelixa
903 2162 1114 2248 probaturum
1136 2162 1276 2239 dicebat,
1293 2186 1396 2227 asser·

434 2262 520 2327 tione
535 2260 749 2346 legitimorum
765 2263 908 2339 testium,
926 2264 1014 2349 quod
1030 2279 1102 2350 post
1117 2264 1257 2329 edictum
1273 2265 1394 2350 magis-

316 2392 318 2399 ·
433 2367 550 2429 terium
573 2378 769 2452 exercuerat,
791 2364 844 2429 sed
867 2369 1006 2431 Joanues
1031 2366 1115 2430 diem
1139 2366 1277 2453 recipere
1299 2390 1395 2433 recu·

434 2466 526 2543 savit,
541 2466 650 2530 dicens
664 2488 697 2529 se
710 2466 778 2553 jam
794 2467 825 2529 in
842 2467 1007 2553 procinctu
1026 2467 1162 2532 Romani
1177 2468 1300 2532 itineris
1314 2490 1395 2549 esse,

397 2637 401 2645 p
434 2592 493 2634 vos
507 2581 766 2645 autem‚auctore
782 2570 933 2646 Domino,
947 2566 1056 2654 litigiis
1065 2591 1175 2633 eorum
1191 2570 1286 2635 finem
1301 2570 1395 2636 debi-

435 2682 506 2736 tum
521 2668 698 2756 imponetis„

624 2990 848 3061 EPISTOLA
870 2992 1034 3054 XX.-so
1051 3008 1203 3054 nuunnu.

782 3125 929 3190 Adriano
944 3126 1056 3210 Popoe.

492 3263 535 3326 lu
564 3282 660 3325 causa
689 3281 765 3344 quae
791 3259 926 3324 vertitur
956 3259 1038 3325 inter
1063 3259 1262 3326 Willelrnum
1289 3255 1397 3327 fllium*

438 3361 619 3439 Godefridi,
654 3374 687 3427 et
722 3361 925 3432 Willelmum
963 3363 1214 3439 Lichel'eldensis
1250 3363 1392 3431 eeclesiae

436 3465 635 3541 canonicum,
651 3486 745 3550 super
765 3463 895 3531 ecclesia
916 3463 957 3529 de
979 3465 1111 3545 Salona,
1126 3489 1221 3552 quam
1242 3465 1395 3540 sanctitas

437 3581 543 3635 vestra
557 3566 729 3632 venerabili
744 3567 836 3631 fratri
857 3580 967 3631 nostro
991 3567 1147 3632 Gauterio
1163 3569 1395 3633 conventrensi

436 3670 584 3757 episcopo
595 3666 765 3752 delegavit,
781 3667 821 3732 ad
834 3681 973 3732 nostram
987 3667 1181 3735 audientiam
1194 3668 1392 3756 appellatum

436 3785 496 3854 est,
511 3796 549 3837 eo
564 3771 650 3858 quod
666 3767 850 3836 Willelmus
872 3770 959 3837 filius
974 3770 1016 3833 G.
1031 3770 1151 3841 curiam
1167 3770 1306 3857 episcopi
1323 3790 1394 3834 sus·

434 3887 562 3961 pectum
585 3873 717 3938 haberet
740 3885 777 3938 ut
800 3871 927 3937 dicebat
949 3875 1099 3959 episcopo
1120 3884 1190 3937 tum
1212 3872 1240 3936 ei
1261 3894 1390 3946 omnem

431 3978 528 4060 juxta
538 3975 724 4040 mandatum
734 3988 875 4041 vestrum
886 3975 1047 4060 justitiam
1059 3975 1255 4044 offerentem*
1278 3976 1391 4056 Quum

434 4097 512 4160 ergo
536 4073 713 4160 jamdictus
740 4073 922 4137 Willelmus
950 4073 1116 4138 resistente
1145 4073 1327 4139 adver-sario
1354 4074 1392 4139 in

435 4176 606 4262 praesentia
631 4185 741 4237 nostra
766 4195 855 4236 suam
882 4187 1074 4261 proponeret
1095 4179 1263 4253 actionem,
1285 4175 1391 4240 eidem

436 4276 621 4341 Willelmus
637 4275 901 4341 Lichesfeldensis
915 4277 976 4340 sori
997 4279 1270 4366 praescriptionem
1291 4300 1393 4364 oppo-

418 4397 421 4405 ·
437 4379 511 4456 suit,
523 4375 767 4465 appellationem
784 4377 824 4441 ad
842 4398 898 4441 nos
909 4379 1026 4446 factam
1038 4404 1179 4446 asserens
1195 4403 1257 4446 non
1274 4393 1396 4459 tenere,
