3667 5475
448 768 513 827 270
718 779 854 823 rosunrs
869 776 1149 823 suaseranrausrs
1316 764 1360 843 [r.
1377 784 1404 827 n.

448 930 660 1015 decoremque
675 927 838 993 sermonis.
885 926 972 1010 Ergo
989 925 1099 1001 Ousia,
1115 927 1203 1011 quod
1218 950 1347 1014 semper
1368 931 1406 997 sit

447 1030 618 1112 Dominus,
635 1031 803 1116 significat.
842 1030 896 1095 Sic
911 1029 1041 1117 quidem
1061 1030 1249 1097 Ambrosius
1271 1032 1404 1117 colligit,

445 1133 501 1200 sed
521 1132 601 1199 ratio
623 1132 803 1199 inferentiae
827 1130 919 1211 vobis
944 1130 1070 1217 plenius
1090 1131 1192 1218 liquet
1211 1145 1246 1199 ει
1268 1135 1403 1213 Graecis,

445 1234 522 1301 mihi
532 1257 607 1302 vero
622 1247 656 1300 et
669 1234 734 1300 mei
745 1234 902 1299 similibus
919 1232 1143 1299 nubeculosior
1157 1246 1214 1300 est.
1259 1235 1402 1303 Hilarius

445 1338 554 1406 eute'm
568 1338 602 1406 in
618 1340 675 1405 lib.
691 1340 732 1405 de
748 1338 883 1425 Synodis
903 1336 1050 1402 similiter
1064 1338 1105 1400 de
1123 1339 1262 1404 essentia
1278 1341 1403 1408 ratioci-

445 1452 551 1519 natur,
567 1452 604 1506 ut
619 1440 809 1507 Ambrosius
823 1439 864 1505 de
881 1438 998 1505 Ousia:
1015 1438 1147 1504 fortasse
1162 1441 1238 1527 quia
1252 1442 1339 1508 idem
1355 1456 1403 1510 est

445 1541 582 1609 essentia
595 1543 682 1630 quod
702 1542 814 1610 Ousia.
861 1541 905 1605 Et
925 1540 1057 1628 quidem
1074 1542 1170 1605 verba
1193 1542 1312 1608 Hilarii
1333 1544 1401 1610 haro

445 1654 528 1709 sunt.
586 1642 733 1709 Esserrtia
761 1654 810 1708 est
836 1663 887 1707 res
912 1661 988 1727 quae
1010 1639 1062 1705 vel
1090 1650 1149 1721 est,
1178 1642 1230 1706 vel
1262 1665 1303 1707 ex
1333 1646 1401 1730 qui.

444 1744 584 1823 busest,
607 1743 717 1832 quiin
741 1765 781 1809 εο
806 1742 893 1830 quod
916 1752 1047 1808 maneat
1071 1743 1223 1812 subsistit.
1272 1745 1402 1813 Dicitur

444 1859 553 1914 autem
581 1846 729 1923 essentia,
756 1857 790 1910 at
814 1856 939 1925 natura,
963 1856 996 1907 et
1024 1866 1136 1927 genus,
1162 1857 1195 1910 et
1221 1849 1399 1915 substantia

442 1950 692 2036 uniuscujusque
721 1948 767 2012 rei
796 1946 932 2032 poterit3
968 1946 1094 2032 proprie
1123 1961 1232 2012 autem
1263 1953 1401 2018 essentia

442 2052 561 2118 idcirco
574 2053 661 2117 dicta
674 2061 733 2129 est,
745 2050 821 2137 quia
835 2072 962 2135 semper
976 2063 1034 2114 εει.
1066 2050 1150 2124 Quae
1165 2050 1285 2116 idcirco
1301 2055 1400 2120 etiam

443 2153 619 2219 substantia
633 2164 691 2231 est,
706 2152 783 2238 quia
803 2175 854 2216 res
869 2174 944 2238 quse
959 2163 1008 2215 est
1028 2174 1157 2218 necesse
1178 2164 1227 2217 est
1248 2155 1400 2222 subsistat

442 2254 477 2319 in
506 2275 586 2319 sese.
635 2252 799 2339 Quicquid
829 2266 938 2319 autem
968 2254 1109 2321 subsistit
1137 2254 1206 2319 siue
1235 2256 1336 2322 dubio
1364 2257 1397 2322 in

383 2363 386 2369 '
440 2376 559 2439 genere
573 2353 625 2421 vel
639 2354 672 2419 in
688 2367 803 2419 natura
814 2354 865 2419 vel
880 2356 913 2419 in
929 2355 1105 2420 substantia
1119 2366 1239 2424 manet.
1286 2358 1397 2433 Quum

441 2478 518 2541 ergo
554 2455 725 2522 essentiam
761 2455 897 2522 dicimus
933 2457 1112 2541 significare
1148 2470 1309 2538 naturam,
1345 2460 1397 2526 sel

440 2580 542 2644 genus
556 2557 608 2624 vol
629 2557 851 2633 substantiam,
875 2557 1084 2642 intelligimus
1106 2558 1175 2643 ejus
1196 2560 1244 2625 rei
1265 2582 1341 2648 quoe
1362 2562 1396 2626 in

440 2660 492 2727 his
503 2660 652 2727 omuibus
665 2682 792 2746 semper
806 2681 875 2725 esse
890 2659 1050 2725 subsistat.
1082 2660 1209 2725 Horum
1224 2663 1394 2729 verborum

440 2762 557 2828 Hilarii
587 2762 793 2828 subtilissima
819 2761 994 2847 speculatio
1024 2773 1082 2838 est,
1108 2762 1245 2828 difficilis
1273 2763 1396 2830 intelli·

438 2865 557 2949 gentia‚
586 2865 641 2930 sed
673 2864 809 2928 arbitror
835 2862 921 2949 quod
947 2863 981 2926 in
1006 2863 1122 2927 Groeca
1146 2864 1257 2948 lingua
1284 2865 1397 2950 peritis

437 2966 580 3051 planiora
594 2978 676 3032 sunt.
725 2965 810 3028 Nam
826 2964 866 3027 de
882 2964 977 3028 beato
1000 2963 1125 3028 Hilario
1141 2965 1219 3029 dicit
1234 2966 1393 3035 sanctissi-

437 3090 508 3132 mus
530 3079 628 3153 patet,
651 3078 685 3130 ει
703 3065 949 3130 litteratissimus
974 3064 1085 3128 doctor
1105 3066 1191 3151 quod
1219 3067 1393 3134 Gallicano

437 3168 593 3234 cothurno
612 3167 777 3243 attollitur,
801 3179 834 3230 et
852 3167 981 3231 floribus
1005 3167 1128 3231 Graecis
1148 3167 1333 3247 adornatur,
1358 3185 1393 3235 et

436 3272 547 3356 procul
581 3282 629 3334 εει
658 3292 678 3332 a
707 3270 843 3333 lectione
877 3268 1069 3354 simplicium
1086 3268 1242 3336 lratrum.
1300 3271 1393 3337 Alibi

437 3382 544 3436 autem
560 3369 714 3455 praecipit,
738 3381 774 3434 ut
798 3370 941 3436 Hilarius
963 3383 996 3434 ει
1020 3370 1215 3438 Athanasius
1234 3371 1393 3439 inoffenso

436 3484 603 3537 currantur
627 3473 719 3557 pede.
774 3472 872 3548 Quod
894 3473 921 3537 si
940 3474 1025 3560 apud
1051 3474 1182 3539 Graecos
1206 3497 1391 3560 expressam

434 3575 555 3640 habent
566 3574 777 3640 differentiam
790 3576 870 3654 haec,
880 3598 954 3662 quae
967 3576 1018 3639 hic
1028 3575 1120 3642 toties
1131 3576 1292 3641 inculcata
1303 3590 1395 3661 sunt„

435 3679 581 3756 essentia,
611 3690 736 3757 natura,
767 3702 879 3763 genus,
905 3678 1091 3754 substantia,
1124 3700 1194 3743 eam
1233 3680 1389 3765 expediri,

435 3782 578 3848 omnium
611 3781 746 3846 arbitror
781 3781 933 3845 interesse
969 3780 1262 3868 quamplurimum:
1299 3782 1388 3848 unde

434 3884 522 3951 vobis
544 3884 586 3949 ad
608 3884 757 3948 meritum
781 3895 814 3946 ει
834 3882 967 3967 gloriam
991 3883 1208 3967 profecturum
1229 3905 1296 3948 esse
1319 3905 1387 3950 uon

432 3986 556 4067 dubito,
572 4000 606 4051 et
620 3988 820 4073 profuturum
835 3986 876 4050 ad
888 3986 997 4066 vitam,
1008 3986 1034 4050 si
1049 3987 1090 4051 ad
1106 3987 1222 4053 ostium
1240 3985 1385 4072 Scriptu-

433 4107 539 4152 rarum
561 4086 700 4172 pulsanti
722 4088 920 4174 aperueritis,
940 4099 973 4152 et
995 4110 1094 4173 panes
1108 4089 1197 4156 vobis
1217 4111 1237 4154 a
1257 4088 1386 4157 Christo

432 4185 568 4251 creditos
596 4185 630 4250 in
661 4187 874 4255 multitudinis
903 4211 996 4254 usum
1023 4188 1192 4275 fregeritis,
1218 4201 1254 4255 ut
1279 4202 1384 4257 vestra

432 4285 644 4353 sollicitudine
666 4288 848 4355 reficiantur
871 4291 986 4374 turbae,
1008 4314 1144 4380 quarum
1169 4292 1249 4358 adeo
1275 4291 1309 4358 in
1331 4292 1384 4360 via

431 4387 692 4474 peregrinationis
707 4390 801 4474 hujus
814 4392 916 4458 bonus
938 4393 1106 4460 miseretur
1126 4394 1228 4472 lesus,
1246 4404 1282 4458 ut
1301 4395 1384 4479 seip-
