3667 5475
430 778 493 837 282
693 785 829 829 rennuis
843 778 1121 826 mnsanmnusm
1288 757 1334 840 [a.
1350 776 1377 819 n.

435 1041 655 1105 EPISTOLA
678 1037 935 1101 exlium-n>
949 1052 1149 1097 naumurum
1166 1047 1380 1095 mruuuouu.

794 1136 839 1217 [A.
855 1156 887 1201 o.
907 1134 1015 1215 ilua]

722 1290 884 1371 Magistro
899 1289 1095 1351 Roimundo.

476 1427 604 1490 Ruuort
640 1422 865 1487 acerbissimus
897 1420 1103 1497 exulceravit,
1132 1431 1165 1483 et
1202 1421 1384 1502 gravissime

434 1530 547 1611 affligit
569 1527 710 1590 animam
735 1546 851 1600 meam,
877 1544 938 1586 nee
970 1524 1029 1585 erit
1051 1523 1177 1606 requies
1204 1522 1311 1587 donec
1334 1545 1383 1586 me

432 1631 545 1694 litteris
555 1628 676 1705 vestris,
688 1647 785 1709 super
800 1626 849 1687 bis
865 1647 938 1708 quae
953 1624 1093 1686 maxime
1107 1624 1205 1687 timeo
1221 1624 1382 1688 certiorari

434 1732 610 1813 contingat.
657 1728 860 1811 Scripserunt
877 1726 962 1789 enim
980 1726 1058 1788 mihi
1079 1726 1158 1789 socii
1178 1726 1385 1803 Parisienses,

436 1832 521 1917 quod
545 1832 593 1895 illi
613 1830 669 1914 qui
690 1837 836 1913 quaerunt
858 1828 997 1891 animam
1018 1826 1140 1890 domini
1163 1825 1386 1906 Pictaviensis,

435 1936 544 1999 nescio
571 1955 703 2018 quornm
731 1942 857 1996 utentes
881 1931 1056 1995 ministerio
1080 1942 1113 1994 et
1141 1941 1208 1995 arte
1234 1932 1331 1995 inerti
1355 1941 1387 1994 et

436 2039 568 2099 omnino
580 2033 772 2111 execranda,
780 2035 809 2097 ei
822 2055 980 2097 venenum
990 2034 1252 2117 propinaverunt:
1270 2055 1385 2119 exque

431 2139 500 2222 jam
515 2135 645 2219 quidam
657 2135 825 2216 religiosus
837 2135 939 2211 Prior,
951 2135 1006 2219 qui
1022 2136 1132 2199 calicis
1145 2137 1281 2200 toxicati
1291 2137 1390 2199 flierat

435 2238 606 2321 particeps,
632 2236 713 2298 obiit
743 2247 775 2298 et
803 2236 985 2320 episcopus,
1014 2248 1050 2300 ut
1078 2238 1178 2315 aiunt,
1207 2238 1325 2301 incidit
1354 2238 1387 2301 in

433 2341 629 2419 languorem.
673 2336 782 2399 Timui
803 2358 888 2417 ergo,
904 2348 937 2400 et
951 2338 1048 2400 timeo
1072 2358 1167 2421 supra
1189 2338 1333 2417 modum,
1347 2360 1386 2402 eo

436 2442 524 2528 quod
551 2440 657 2505 audivi
681 2441 893 2524 quorumdam
923 2441 1085 2520 invidiam,
1115 2452 1147 2505 et
1177 2443 1317 2525 aliquem
1346 2441 1386 2506 de

437 2544 598 2629 episcopis
620 2543 875 2607 Pictaviensibus
900 2564 1004 2625 nuper
1028 2564 1152 2607 veneno
1175 2554 1386 2629 peremptum.

438 2650 489 2713 An
510 2647 597 2711 fama
618 2647 688 2710 haec
711 2645 849 2707 fideliter
863 2655 983 2709 asserat
1004 2645 1160 2709 incertum
1182 2657 1240 2727 est,
1255 2647 1388 2711 aliomm

438 2771 512 2814 vero
534 2759 622 2813 muta
644 2747 816 2812 crudelitas
838 2757 897 2825 est,
919 2760 955 2810 ut
977 2770 1038 2811 nec
1063 2748 1186 2812 vicinos
1207 2752 1308 2814 lateat
1326 2771 1389 2814 nec

439 2863 588 2915 remotos.
633 2851 768 2915 Cunctis
789 2860 895 2913 autem
919 2851 1059 2914 innotuit
1081 2873 1174 2934 quam
1198 2874 1345 2937 praeceps
1360 2863 1391 2917 et

440 2954 546 3019 audax
569 2955 619 3032 sit,
640 2964 672 3016 et
693 2954 804 3035 ignara
825 2952 947 3015 timoris
968 2953 1109 3030 Domini,
1133 2976 1221 3018 caeca
1246 2953 1389 3034 ambitio,

439 3067 476 3119 ut
500 3067 604 3118 metus
627 3077 723 3137 quam
750 3054 879 3117 fiduciae
906 3076 1010 3118 causae
1032 3056 1175 3138 plurimae
1201 3079 1392 3123 concurrere

440 3155 616 3218 videantur.
663 3155 779 3217 Precor
798 3156 918 3236 itaque,
933 3166 968 3217 ut
989 3158 1048 3218 sub
1071 3157 1159 3218 omni
1174 3159 1388 3237 festinatione,

442 3279 512 3339 quae
544 3256 629 3317 circa
655 3276 710 3316 vos
737 3266 822 3333 sunt,
848 3257 1092 3337 diligentissime
1122 3262 1334 3343 perscribatis,
1360 3273 1392 3324 et

442 3356 573 3418 domino
609 3355 773 3438 episcopo,
804 3358 828 3419 si
868 3359 1065 3440 aegritudine,
1096 3384 1167 3444 quae
1200 3362 1295 3441 absit,
1325 3384 1392 3425 non

442 3455 647 3539 praepeditur,
676 3457 905 3539 persuadeatis,
935 3470 970 3524 ut
999 3473 1030 3524 et
1059 3463 1129 3544 ipse
1160 3464 1289 3537 scribat,
1321 3486 1393 3552 quae

441 3557 560 3621 fuerint
585 3557 755 3621 scribenda
780 3581 837 3642 pro
862 3571 1014 3644 tempore.
1066 3565 1199 3626 Fueram
1225 3575 1392 3646 rogaturus

443 3673 477 3724 ut
498 3660 567 3744 ipse
591 3671 623 3724 et
643 3681 699 3723 vos
722 3661 903 3723 scriberetis
927 3661 966 3725 de
987 3664 1037 3726 his
1057 3687 1128 3748 quae
1152 3677 1241 3747 gesta
1261 3677 1336 3730 sunt
1357 3669 1390 3731 in

442 3766 605 3850 colloquio
621 3764 831 3838 Chinonensi,
847 3775 878 3827 et
898 3775 1022 3848 postea,
1036 3790 1095 3851 pro
1115 3770 1220 3846 nobis,
1235 3780 1269 3834 et
1284 3782 1395 3836 contra

444 3889 515 3942 nos,
535 3880 567 3930 et
588 3866 667 3950 quid
685 3867 828 3929 videatur
846 3868 938 3930 vobis
960 3867 999 3931 de
1022 3870 1096 3949 hoc,
1116 3874 1203 3955 quod
1223 3875 1396 3937 metaliter

445 3969 634 4045 absentavit,
659 3978 693 4030 ut
718 3989 777 4031 nec
804 3989 916 4051 pacem
943 3973 1115 4053 receperim
1140 3995 1215 4036 cum
1236 3975 1306 4038 aliis
1333 3978 1395 4039 sub

439 4068 621 4149 juramento
642 4080 674 4130 et
695 4068 936 4133 conditionibus
957 4073 1083 4151 oblatis,
1100 4076 1176 4155 quia
1190 4088 1311 4139 extunc
1327 4099 1394 4140 non

444 4166 509 4228 vidi
530 4168 650 4230 litteras
665 4181 800 4233 vestras:
825 4171 882 4234 sed
898 4193 994 4237 eausa
1014 4174 1125 4258 major,
1142 4199 1212 4259 quae
1236 4201 1286 4240 me
1306 4202 1393 4243 nnnc

446 4268 602 4351 compulit
631 4268 670 4330 ad
701 4271 915 4351 scribendum,
946 4298 1057 4340 omnes
1091 4279 1272 4362 hujusmodi
1303 4302 1396 4344 curas

445 4369 617 4446 absorbuit,
633 4371 660 4431 si
677 4379 793 4448 tamen,
810 4375 896 4453 quod
919 4378 1038 4440 utinam
1062 4380 1222 4444 Dominus
1238 4383 1399 4461 largiatur,
