<?xml version="1.0" encoding="UTF-8"?>
<!DOCTYPE html PUBLIC "-//W3C//DTD XHTML 1.0 Transitional//EN"
    "http://www.w3.org/TR/xhtml1/DTD/xhtml1-transitional.dtd">
<html xmlns="http://www.w3.org/1999/xhtml" xml:lang="en" lang="en">
 <head>
  <title>
</title>
<meta http-equiv="Content-Type" content="text/html;charset=utf-8" />
  <meta name='ocr-system' content='tesseract 3.04.00' />
  <meta name='ocr-capabilities' content='ocr_page ocr_carea ocr_par ocr_line ocrx_word'/>
</head>
<body>
  <div class='ocr_page' id='page_1' title='image "./operaomnianuncp03johngoog_0154.png"; bbox 0 0 3667 5475; ppageno 0'>
   <div class='ocr_carea' id='block_1_1' title="bbox 523 794 1473 875">
    <p class='ocr_par' dir='ltr' id='par_1_1' title="bbox 523 794 1473 875">
     <span class='ocr_line' id='line_1_1' title="bbox 523 794 1473 875; baseline -0.002 -18"><span class='ocrx_word' id='word_1_1' title='bbox 523 800 582 857; x_wconf 81' lang='lat'><strong>134</strong></span> <span class='ocrx_word' id='word_1_2' title='bbox 778 812 916 856; x_wconf 75' lang='lat' dir='ltr'><strong>maurus</strong></span> <span class='ocrx_word' id='word_1_3' title='bbox 933 810 1208 855; x_wconf 80' lang='lat' dir='ltr'><strong>sunusauruuusrs</strong></span> <span class='ocrx_word' id='word_1_4' title='bbox 1376 794 1422 875; x_wconf 77' lang='lat' dir='ltr'><strong>[A.</strong></span> <span class='ocrx_word' id='word_1_5' title='bbox 1440 814 1473 857; x_wconf 90' lang='lat' dir='ltr'><strong>n.</strong></span> 
     </span>
    </p>
   </div>
   <div class='ocr_carea' id='block_1_2' title="bbox 520 960 1487 4514">
    <p class='ocr_par' dir='ltr' id='par_1_2' title="bbox 520 960 1487 4514">
     <span class='ocr_line' id='line_1_2' title="bbox 520 960 1475 1049; baseline -0.001 -21"><span class='ocrx_word' id='word_1_6' title='bbox 520 986 597 1027; x_wconf 90' lang='lat' dir='ltr'><strong>num</strong></span> <span class='ocrx_word' id='word_1_7' title='bbox 614 964 713 1026; x_wconf 87' lang='lat' dir='ltr'><strong>totius</strong></span> <span class='ocrx_word' id='word_1_8' title='bbox 728 960 828 1024; x_wconf 89' lang='lat' dir='ltr'><strong>divini</strong></span> <span class='ocrx_word' id='word_1_9' title='bbox 852 973 884 1024; x_wconf 89' lang='lat' dir='ltr'><strong>et</strong></span> <span class='ocrx_word' id='word_1_10' title='bbox 909 960 1038 1026; x_wconf 90' lang='lat' dir='ltr'><strong>humani</strong></span> <span class='ocrx_word' id='word_1_11' title='bbox 1062 961 1157 1046; x_wconf 90' lang='lat' dir='ltr'><strong>juris,</strong></span> <span class='ocrx_word' id='word_1_12' title='bbox 1173 974 1204 1024; x_wconf 90' lang='lat' dir='ltr'><strong>et</strong></span> <span class='ocrx_word' id='word_1_13' title='bbox 1231 963 1374 1026; x_wconf 89' lang='lat' dir='ltr'><strong>omnium</strong></span> <span class='ocrx_word' id='word_1_14' title='bbox 1402 987 1475 1049; x_wconf 83' lang='lat' dir='ltr'><strong>quae</strong></span> 
     </span>
     <span class='ocr_line' id='line_1_3' title="bbox 521 1063 1474 1152; baseline -0.001 -22"><span class='ocrx_word' id='word_1_15' title='bbox 521 1077 642 1130; x_wconf 88' lang='lat' dir='ltr'><strong>statuta</strong></span> <span class='ocrx_word' id='word_1_16' title='bbox 664 1078 737 1127; x_wconf 89' lang='lat' dir='ltr'><strong>sunt</strong></span> <span class='ocrx_word' id='word_1_17' title='bbox 758 1064 799 1126; x_wconf 90' lang='lat' dir='ltr'><strong>ab</strong></span> <span class='ocrx_word' id='word_1_18' title='bbox 819 1063 919 1127; x_wconf 88' lang='lat' dir='ltr'><strong>initio.</strong></span> <span class='ocrx_word' id='word_1_19' title='bbox 968 1064 1078 1148; x_wconf 89' lang='lat' dir='ltr'><strong>Ipsum</strong></span> <span class='ocrx_word' id='word_1_20' title='bbox 1102 1067 1214 1127; x_wconf 91' lang='lat' dir='ltr'><strong>invoco</strong></span> <span class='ocrx_word' id='word_1_21' title='bbox 1238 1078 1361 1140; x_wconf 89' lang='lat' dir='ltr'><strong>testem,</strong></span> <span class='ocrx_word' id='word_1_22' title='bbox 1378 1088 1474 1152; x_wconf 92' lang='lat' dir='ltr'><strong>quem</strong></span> 
     </span>
     <span class='ocr_line' id='line_1_4' title="bbox 522 1164 1476 1251; baseline 0.003 -24"><span class='ocrx_word' id='word_1_23' title='bbox 522 1167 616 1230; x_wconf 91' lang='lat' dir='ltr'><strong>velim</strong></span> <span class='ocrx_word' id='word_1_24' title='bbox 638 1165 734 1227; x_wconf 93' lang='lat' dir='ltr'><strong>nolim</strong></span> <span class='ocrx_word' id='word_1_25' title='bbox 759 1164 930 1229; x_wconf 85' lang='lat' dir='ltr'><strong>habiturus</strong></span> <span class='ocrx_word' id='word_1_26' title='bbox 953 1188 1023 1229; x_wconf 91' lang='lat' dir='ltr'><strong>sum</strong></span> <span class='ocrx_word' id='word_1_27' title='bbox 1044 1165 1199 1248; x_wconf 90' lang='lat' dir='ltr'><strong>judicem,</strong></span> <span class='ocrx_word' id='word_1_28' title='bbox 1215 1167 1293 1251; x_wconf 87' lang='lat' dir='ltr'><strong>quia</strong></span> <span class='ocrx_word' id='word_1_29' title='bbox 1316 1189 1356 1230; x_wconf 88' lang='lat' dir='ltr'><strong>ex</strong></span> <span class='ocrx_word' id='word_1_30' title='bbox 1379 1164 1476 1231; x_wconf 80' lang='lat' dir='ltr'><strong>animi</strong></span> 
     </span>
     <span class='ocr_line' id='line_1_5' title="bbox 520 1267 1476 1352; baseline 0.002 -21"><span class='ocrx_word' id='word_1_31' title='bbox 520 1271 582 1332; x_wconf 90' lang='lat' dir='ltr'><strong>mei</strong></span> <span class='ocrx_word' id='word_1_32' title='bbox 606 1268 806 1346; x_wconf 89' lang='lat' dir='ltr'><strong>conscientia,</strong></span> <span class='ocrx_word' id='word_1_33' title='bbox 822 1279 856 1331; x_wconf 90' lang='lat' dir='ltr'><strong>tu</strong></span> <span class='ocrx_word' id='word_1_34' title='bbox 880 1290 938 1330; x_wconf 90' lang='lat' dir='ltr'><strong>nec</strong></span> <span class='ocrx_word' id='word_1_35' title='bbox 960 1280 1048 1331; x_wconf 91' lang='lat' dir='ltr'><strong>actor</strong></span> <span class='ocrx_word' id='word_1_36' title='bbox 1071 1267 1169 1352; x_wconf 89' lang='lat' dir='ltr'><strong>hujus</strong></span> <span class='ocrx_word' id='word_1_37' title='bbox 1186 1268 1275 1331; x_wconf 89' lang='lat' dir='ltr'><strong>verbi</strong></span> <span class='ocrx_word' id='word_1_38' title='bbox 1299 1268 1402 1349; x_wconf 88' lang='lat' dir='ltr'><strong>fuisti,</strong></span> <span class='ocrx_word' id='word_1_39' title='bbox 1417 1294 1476 1333; x_wconf 88' lang='lat' dir='ltr'><strong>nec</strong></span> 
     </span>
     <span class='ocr_line' id='line_1_6' title="bbox 521 1368 1476 1453; baseline 0.005 -23"><span class='ocrx_word' id='word_1_40' title='bbox 521 1382 718 1453; x_wconf 86' lang='lat' dir='ltr'><strong>procurator,</strong></span> <span class='ocrx_word' id='word_1_41' title='bbox 732 1372 829 1431; x_wconf 90' lang='lat' dir='ltr'><strong>immo</strong></span> <span class='ocrx_word' id='word_1_42' title='bbox 845 1390 900 1431; x_wconf 91' lang='lat' dir='ltr'><strong>nec</strong></span> <span class='ocrx_word' id='word_1_43' title='bbox 916 1368 1070 1442; x_wconf 91' lang='lat' dir='ltr'><strong>conscius,</strong></span> <span class='ocrx_word' id='word_1_44' title='bbox 1085 1382 1117 1431; x_wconf 90' lang='lat' dir='ltr'><strong>et</strong></span> <span class='ocrx_word' id='word_1_45' title='bbox 1134 1381 1169 1432; x_wconf 91' lang='lat' dir='ltr'><strong>ut</strong></span> <span class='ocrx_word' id='word_1_46' title='bbox 1185 1369 1342 1433; x_wconf 89' lang='lat' dir='ltr'><strong>vocationi</strong></span> <span class='ocrx_word' id='word_1_47' title='bbox 1357 1370 1476 1435; x_wconf 84' lang='lat' dir='ltr'><strong>divinae</strong></span> 
     </span>
     <span class='ocr_line' id='line_1_7' title="bbox 522 1468 1477 1563; baseline 0.003 -29"><span class='ocrx_word' id='word_1_48' title='bbox 522 1469 664 1534; x_wconf 89' lang='lat' dir='ltr'><strong>securius</strong></span> <span class='ocrx_word' id='word_1_49' title='bbox 690 1469 886 1554; x_wconf 82' lang='lat' dir='ltr'><strong>adquiescas,</strong></span> <span class='ocrx_word' id='word_1_50' title='bbox 912 1470 978 1563; x_wconf 71' lang='lat' dir='ltr'><strong>sine</strong></span> <span class='ocrx_word' id='word_1_51' title='bbox 1008 1468 1265 1555; x_wconf 76' lang='lat' dir='ltr'><strong>archiepiscopus</strong></span> <span class='ocrx_word' id='word_1_52' title='bbox 1294 1494 1353 1555; x_wconf 92' lang='lat' dir='ltr'><strong>pro</strong></span> <span class='ocrx_word' id='word_1_53' title='bbox 1379 1474 1477 1537; x_wconf 89' lang='lat' dir='ltr'><strong>verbo</strong></span> 
     </span>
     <span class='ocr_line' id='line_1_8' title="bbox 521 1571 1478 1664; baseline 0.003 -29"><span class='ocrx_word' id='word_1_54' title='bbox 521 1571 582 1635; x_wconf 94' lang='lat' dir='ltr'><strong>hoc</strong></span> <span class='ocrx_word' id='word_1_55' title='bbox 606 1571 736 1635; x_wconf 92' lang='lat' dir='ltr'><strong>domino</strong></span> <span class='ocrx_word' id='word_1_56' title='bbox 758 1571 827 1657; x_wconf 85' lang='lat' dir='ltr'><strong>regi</strong></span> <span class='ocrx_word' id='word_1_57' title='bbox 850 1571 1022 1655; x_wconf 84' lang='lat' dir='ltr'><strong>scripserit,</strong></span> <span class='ocrx_word' id='word_1_58' title='bbox 1043 1572 1109 1664; x_wconf 84' lang='lat' dir='ltr'><strong>sine</strong></span> <span class='ocrx_word' id='word_1_59' title='bbox 1131 1595 1193 1635; x_wconf 90' lang='lat' dir='ltr'><strong>uon</strong></span> <span class='ocrx_word' id='word_1_60' title='bbox 1219 1572 1392 1658; x_wconf 81' lang='lat' dir='ltr'><strong>scripserit,</strong></span> <span class='ocrx_word' id='word_1_61' title='bbox 1413 1575 1478 1639; x_wconf 88' lang='lat' dir='ltr'><strong>scio</strong></span> 
     </span>
     <span class='ocr_line' id='line_1_9' title="bbox 523 1661 1478 1760; baseline 0.004 -23"><span class='ocrx_word' id='word_1_62' title='bbox 523 1673 600 1760; x_wconf 88' lang='lat' dir='ltr'><strong>quia</strong></span> <span class='ocrx_word' id='word_1_63' title='bbox 621 1674 675 1737; x_wconf 90' lang='lat' dir='ltr'><strong>ille</strong></span> <span class='ocrx_word' id='word_1_64' title='bbox 697 1674 818 1738; x_wconf 83' lang='lat' dir='ltr'><strong>litteras</strong></span> <span class='ocrx_word' id='word_1_65' title='bbox 839 1673 939 1760; x_wconf 85' lang='lat' dir='ltr'><strong>hujus</strong></span> <span class='ocrx_word' id='word_1_66' title='bbox 961 1696 1022 1736; x_wconf 92' lang='lat' dir='ltr'><strong>non</strong></span> <span class='ocrx_word' id='word_1_67' title='bbox 1047 1661 1193 1760; x_wconf 83' lang='lat' dir='ltr'><strong>suscepit.</strong></span> <span class='ocrx_word' id='word_1_68' title='bbox 1239 1675 1478 1741; x_wconf 78' lang='lat' dir='ltr'><strong>sollicitabatur</strong></span> 
     </span>
     <span class='ocr_line' id='line_1_10' title="bbox 525 1775 1478 1863; baseline 0.002 -23"><span class='ocrx_word' id='word_1_69' title='bbox 525 1776 654 1861; x_wconf 89' lang='lat' dir='ltr'><strong>quidem</strong></span> <span class='ocrx_word' id='word_1_70' title='bbox 672 1796 730 1861; x_wconf 89' lang='lat' dir='ltr'><strong>pro</strong></span> <span class='ocrx_word' id='word_1_71' title='bbox 745 1775 811 1839; x_wconf 89' lang='lat' dir='ltr'><strong>filio</strong></span> <span class='ocrx_word' id='word_1_72' title='bbox 828 1775 1002 1859; x_wconf 87' lang='lat' dir='ltr'><strong>Hardingi,</strong></span> <span class='ocrx_word' id='word_1_73' title='bbox 1018 1778 1075 1860; x_wconf 91' lang='lat' dir='ltr'><strong>qui</strong></span> <span class='ocrx_word' id='word_1_74' title='bbox 1091 1775 1212 1839; x_wconf 89' lang='lat' dir='ltr'><strong>utinam</strong></span> <span class='ocrx_word' id='word_1_75' title='bbox 1228 1775 1277 1839; x_wconf 84' lang='lat' dir='ltr'><strong>vir</strong></span> <span class='ocrx_word' id='word_1_76' title='bbox 1291 1777 1478 1863; x_wconf 88' lang='lat' dir='ltr'><strong>episcopalis</strong></span> 
     </span>
     <span class='ocr_line' id='line_1_11' title="bbox 522 1877 1478 1963; baseline 0.005 -24"><span class='ocrx_word' id='word_1_77' title='bbox 522 1888 614 1952; x_wconf 89' lang='lat' dir='ltr'><strong>esset,</strong></span> <span class='ocrx_word' id='word_1_78' title='bbox 638 1879 692 1941; x_wconf 82' lang='lat' dir='ltr'><strong>sed</strong></span> <span class='ocrx_word' id='word_1_79' title='bbox 721 1901 777 1940; x_wconf 91' lang='lat' dir='ltr'><strong>nec</strong></span> <span class='ocrx_word' id='word_1_80' title='bbox 806 1880 932 1941; x_wconf 86' lang='lat' dir='ltr'><strong>Simone</strong></span> <span class='ocrx_word' id='word_1_81' title='bbox 958 1877 1147 1963; x_wconf 87' lang='lat' dir='ltr'><strong>impellente,</strong></span> <span class='ocrx_word' id='word_1_82' title='bbox 1172 1900 1229 1940; x_wconf 92' lang='lat' dir='ltr'><strong>nec</strong></span> <span class='ocrx_word' id='word_1_83' title='bbox 1250 1878 1478 1944; x_wconf 85' lang='lat' dir='ltr'><strong>inducentibus</strong></span> 
     </span>
     <span class='ocr_line' id='line_1_12' title="bbox 527 1978 1478 2066; baseline 0.003 -24"><span class='ocrx_word' id='word_1_84' title='bbox 527 1980 661 2043; x_wconf 87' lang='lat' dir='ltr'><strong>Giezitis</strong></span> <span class='ocrx_word' id='word_1_85' title='bbox 676 1980 781 2065; x_wconf 90' lang='lat' dir='ltr'><strong>potuit</strong></span> <span class='ocrx_word' id='word_1_86' title='bbox 797 1979 952 2059; x_wconf 89' lang='lat' dir='ltr'><strong>inclinari,</strong></span> <span class='ocrx_word' id='word_1_87' title='bbox 968 1993 1004 2042; x_wconf 92' lang='lat' dir='ltr'><strong>ut</strong></span> <span class='ocrx_word' id='word_1_88' title='bbox 1020 1978 1052 2041; x_wconf 93' lang='lat' dir='ltr'><strong>in</strong></span> <span class='ocrx_word' id='word_1_89' title='bbox 1076 1979 1178 2042; x_wconf 91' lang='lat' dir='ltr'><strong>alieno</strong></span> <span class='ocrx_word' id='word_1_90' title='bbox 1202 1981 1391 2066; x_wconf 91' lang='lat' dir='ltr'><strong>compendio</strong></span> <span class='ocrx_word' id='word_1_91' title='bbox 1414 1980 1478 2045; x_wconf 86' lang='lat' dir='ltr'><strong>dis-</strong></span> 
     </span>
     <span class='ocr_line' id='line_1_13' title="bbox 524 2081 1478 2167; baseline 0.003 -24"><span class='ocrx_word' id='word_1_92' title='bbox 524 2082 676 2164; x_wconf 82' lang='lat' dir='ltr'><strong>pendium</strong></span> <span class='ocrx_word' id='word_1_93' title='bbox 700 2081 817 2145; x_wconf 88' lang='lat' dir='ltr'><strong>faceret</strong></span> <span class='ocrx_word' id='word_1_94' title='bbox 844 2086 957 2145; x_wconf 75' lang='lat' dir='ltr'><strong>animae</strong></span> <span class='ocrx_word' id='word_1_95' title='bbox 982 2105 1058 2144; x_wconf 80' lang='lat' dir='ltr'><strong>suae.</strong></span> <span class='ocrx_word' id='word_1_96' title='bbox 1104 2082 1155 2143; x_wconf 90' lang='lat' dir='ltr'><strong>Sic</strong></span> <span class='ocrx_word' id='word_1_97' title='bbox 1180 2081 1340 2167; x_wconf 86' lang='lat' dir='ltr'><strong>repulsam</strong></span> <span class='ocrx_word' id='word_1_98' title='bbox 1366 2105 1478 2167; x_wconf 90' lang='lat' dir='ltr'><strong>passus</strong></span> 
     </span>
     <span class='ocr_line' id='line_1_14' title="bbox 525 2181 1477 2269; baseline 0.006 -27"><span class='ocrx_word' id='word_1_99' title='bbox 525 2194 574 2244; x_wconf 88' lang='lat' dir='ltr'><strong>est</strong></span> <span class='ocrx_word' id='word_1_100' title='bbox 589 2181 674 2247; x_wconf 85' lang='lat' dir='ltr'><strong>filius</strong></span> <span class='ocrx_word' id='word_1_101' title='bbox 691 2181 850 2266; x_wconf 84' lang='lat' dir='ltr'><strong>Hardingi</strong></span> <span class='ocrx_word' id='word_1_102' title='bbox 864 2184 959 2246; x_wconf 86' lang='lat' dir='ltr'><strong>modo</strong></span> <span class='ocrx_word' id='word_1_103' title='bbox 973 2182 1100 2269; x_wconf 85' lang='lat' dir='ltr'><strong>quidem</strong></span> <span class='ocrx_word' id='word_1_104' title='bbox 1114 2183 1249 2246; x_wconf 91' lang='lat' dir='ltr'><strong>dicendo</strong></span> <span class='ocrx_word' id='word_1_105' title='bbox 1261 2185 1477 2269; x_wconf 89' lang='lat' dir='ltr'><strong>potiusquam</strong></span> 
     </span>
     <span class='ocr_line' id='line_1_15' title="bbox 525 2283 1479 2371; baseline 0.008 -29"><span class='ocrx_word' id='word_1_106' title='bbox 525 2283 710 2356; x_wconf 87' lang='lat' dir='ltr'><strong>scribendo;</strong></span> <span class='ocrx_word' id='word_1_107' title='bbox 752 2284 796 2347; x_wconf 88' lang='lat' dir='ltr'><strong>ita</strong></span> <span class='ocrx_word' id='word_1_108' title='bbox 824 2298 928 2348; x_wconf 90' lang='lat' dir='ltr'><strong>tamen</strong></span> <span class='ocrx_word' id='word_1_109' title='bbox 956 2298 991 2348; x_wconf 89' lang='lat' dir='ltr'><strong>ut</strong></span> <span class='ocrx_word' id='word_1_110' title='bbox 1020 2285 1150 2348; x_wconf 88' lang='lat' dir='ltr'><strong>alterius</strong></span> <span class='ocrx_word' id='word_1_111' title='bbox 1177 2285 1206 2347; x_wconf 92' lang='lat' dir='ltr'><strong>ei</strong></span> <span class='ocrx_word' id='word_1_112' title='bbox 1236 2285 1378 2349; x_wconf 85' lang='lat' dir='ltr'><strong>beneficii</strong></span> <span class='ocrx_word' id='word_1_113' title='bbox 1406 2308 1479 2371; x_wconf 89' lang='lat' dir='ltr'><strong>spes</strong></span> 
     </span>
     <span class='ocr_line' id='line_1_16' title="bbox 525 2386 1476 2472; baseline 0.006 -27"><span class='ocrx_word' id='word_1_114' title='bbox 525 2387 759 2470; x_wconf 86' lang='lat' dir='ltr'><strong>relinqueretur</strong></span> <span class='ocrx_word' id='word_1_115' title='bbox 788 2387 965 2467; x_wconf 88' lang='lat' dir='ltr'><strong>incolumis,</strong></span> <span class='ocrx_word' id='word_1_116' title='bbox 992 2387 1058 2468; x_wconf 91' lang='lat' dir='ltr'><strong>sed,</strong></span> <span class='ocrx_word' id='word_1_117' title='bbox 1084 2390 1149 2451; x_wconf 89' lang='lat' dir='ltr'><strong>sive</strong></span> <span class='ocrx_word' id='word_1_118' title='bbox 1179 2400 1214 2451; x_wconf 89' lang='lat' dir='ltr'><strong>tu</strong></span> <span class='ocrx_word' id='word_1_119' title='bbox 1246 2386 1383 2472; x_wconf 87' lang='lat' dir='ltr'><strong>epuleris</strong></span> <span class='ocrx_word' id='word_1_120' title='bbox 1411 2390 1476 2451; x_wconf 79' lang='lat' dir='ltr'><strong>sire</strong></span> 
     </span>
     <span class='ocr_line' id='line_1_17' title="bbox 527 2489 1478 2574; baseline 0.005 -27"><span class='ocrx_word' id='word_1_121' title='bbox 527 2508 600 2564; x_wconf 89' lang='lat' dir='ltr'><strong>non,</strong></span> <span class='ocrx_word' id='word_1_122' title='bbox 624 2490 768 2553; x_wconf 89' lang='lat' dir='ltr'><strong>moriaris</strong></span> <span class='ocrx_word' id='word_1_123' title='bbox 793 2502 850 2555; x_wconf 87' lang='lat' dir='ltr'><strong>aut</strong></span> <span class='ocrx_word' id='word_1_124' title='bbox 873 2493 971 2569; x_wconf 80' lang='lat' dir='ltr'><strong>vivas,</strong></span> <span class='ocrx_word' id='word_1_125' title='bbox 992 2489 1045 2552; x_wconf 93' lang='lat' dir='ltr'><strong>ille</strong></span> <span class='ocrx_word' id='word_1_126' title='bbox 1068 2512 1242 2574; x_wconf 88' lang='lat' dir='ltr'><strong>numquam</strong></span> <span class='ocrx_word' id='word_1_127' title='bbox 1269 2512 1343 2573; x_wconf 84' lang='lat' dir='ltr'><strong>rege</strong></span> <span class='ocrx_word' id='word_1_128' title='bbox 1369 2504 1478 2554; x_wconf 90' lang='lat' dir='ltr'><strong>nostro</strong></span> 
     </span>
     <span class='ocr_line' id='line_1_18' title="bbox 526 2590 1476 2678; baseline 0.003 -28"><span class='ocrx_word' id='word_1_129' title='bbox 526 2602 656 2652; x_wconf 88' lang='lat' dir='ltr'><strong>auctore</strong></span> <span class='ocrx_word' id='word_1_130' title='bbox 685 2591 743 2655; x_wconf 90' lang='lat' dir='ltr'><strong>erit</strong></span> <span class='ocrx_word' id='word_1_131' title='bbox 769 2593 946 2678; x_wconf 91' lang='lat' dir='ltr'><strong>episcopus.</strong></span> <span class='ocrx_word' id='word_1_132' title='bbox 994 2591 1152 2667; x_wconf 88' lang='lat' dir='ltr'><strong>Profecto,</strong></span> <span class='ocrx_word' id='word_1_133' title='bbox 1178 2604 1216 2655; x_wconf 92' lang='lat' dir='ltr'><strong>ut</strong></span> <span class='ocrx_word' id='word_1_134' title='bbox 1242 2591 1395 2672; x_wconf 91' lang='lat' dir='ltr'><strong>creditur,</strong></span> <span class='ocrx_word' id='word_1_135' title='bbox 1423 2590 1476 2654; x_wconf 91' lang='lat' dir='ltr'><strong>sed</strong></span> 
     </span>
     <span class='ocr_line' id='line_1_19' title="bbox 527 2688 1478 2782; baseline 0.008 -32"><span class='ocrx_word' id='word_1_136' title='bbox 527 2709 584 2752; x_wconf 90' lang='lat' dir='ltr'><strong>nec</strong></span> <span class='ocrx_word' id='word_1_137' title='bbox 601 2688 751 2770; x_wconf 88' lang='lat' dir='ltr'><strong>Domino,</strong></span> <span class='ocrx_word' id='word_1_138' title='bbox 767 2696 844 2782; x_wconf 90' lang='lat' dir='ltr'><strong>quia</strong></span> <span class='ocrx_word' id='word_1_139' title='bbox 860 2717 984 2782; x_wconf 87' lang='lat' dir='ltr'><strong>semper</strong></span> <span class='ocrx_word' id='word_1_140' title='bbox 1000 2695 1087 2758; x_wconf 90' lang='lat' dir='ltr'><strong>nisus</strong></span> <span class='ocrx_word' id='word_1_141' title='bbox 1105 2705 1152 2758; x_wconf 91' lang='lat' dir='ltr'><strong>est</strong></span> <span class='ocrx_word' id='word_1_142' title='bbox 1167 2707 1277 2758; x_wconf 88' lang='lat' dir='ltr'><strong>contra</strong></span> <span class='ocrx_word' id='word_1_143' title='bbox 1292 2692 1478 2769; x_wconf 90' lang='lat' dir='ltr'><strong>Dominum,</strong></span> 
     </span>
     <span class='ocr_line' id='line_1_20' title="bbox 527 2794 1480 2874; baseline 0.006 -22"><span class='ocrx_word' id='word_1_144' title='bbox 527 2803 559 2853; x_wconf 90' lang='lat' dir='ltr'><strong>et</strong></span> <span class='ocrx_word' id='word_1_145' title='bbox 575 2814 634 2874; x_wconf 92' lang='lat' dir='ltr'><strong>pro</strong></span> <span class='ocrx_word' id='word_1_146' title='bbox 650 2794 769 2858; x_wconf 87' lang='lat' dir='ltr'><strong>viribus</strong></span> <span class='ocrx_word' id='word_1_147' title='bbox 786 2796 860 2873; x_wconf 91' lang='lat' dir='ltr'><strong>suis,</strong></span> <span class='ocrx_word' id='word_1_148' title='bbox 877 2813 932 2860; x_wconf 90' lang='lat' dir='ltr'><strong>aut</strong></span> <span class='ocrx_word' id='word_1_149' title='bbox 948 2818 1090 2870; x_wconf 90' lang='lat' dir='ltr'><strong>suorum,</strong></span> <span class='ocrx_word' id='word_1_150' title='bbox 1102 2817 1210 2860; x_wconf 90' lang='lat' dir='ltr'><strong>omnes</strong></span> <span class='ocrx_word' id='word_1_151' title='bbox 1226 2794 1367 2858; x_wconf 87' lang='lat' dir='ltr'><strong>turbavit</strong></span> <span class='ocrx_word' id='word_1_152' title='bbox 1382 2794 1480 2858; x_wconf 89' lang='lat' dir='ltr'><strong>eccle-</strong></span> 
     </span>
     <span class='ocr_line' id='line_1_21' title="bbox 528 2893 1478 2982; baseline 0.006 -28"><span class='ocrx_word' id='word_1_153' title='bbox 528 2893 600 2957; x_wconf 87' lang='lat' dir='ltr'><strong>sias.</strong></span> <span class='ocrx_word' id='word_1_154' title='bbox 639 2897 808 2962; x_wconf 90' lang='lat' dir='ltr'><strong>Consuluit</strong></span> <span class='ocrx_word' id='word_1_155' title='bbox 823 2923 871 2962; x_wconf 94' lang='lat' dir='ltr'><strong>me</strong></span> <span class='ocrx_word' id='word_1_156' title='bbox 882 2899 1033 2982; x_wconf 79' lang='lat' dir='ltr'><strong>magister</strong></span> <span class='ocrx_word' id='word_1_157' title='bbox 1047 2897 1104 2961; x_wconf 91' lang='lat' dir='ltr'><strong>W.</strong></span> <span class='ocrx_word' id='word_1_158' title='bbox 1117 2897 1236 2960; x_wconf 92' lang='lat' dir='ltr'><strong>archid.</strong></span> <span class='ocrx_word' id='word_1_159' title='bbox 1252 2920 1310 2982; x_wconf 90' lang='lat' dir='ltr'><strong>per</strong></span> <span class='ocrx_word' id='word_1_160' title='bbox 1321 2900 1478 2960; x_wconf 87' lang='lat' dir='ltr'><strong>Bosonem</strong></span> 
     </span>
     <span class='ocr_line' id='line_1_22' title="bbox 530 2994 1478 3086; baseline 0.005 -30"><span class='ocrx_word' id='word_1_161' title='bbox 530 2994 647 3060; x_wconf 90' lang='lat' dir='ltr'><strong>socium</strong></span> <span class='ocrx_word' id='word_1_162' title='bbox 665 3022 770 3078; x_wconf 90' lang='lat' dir='ltr'><strong>suum,</strong></span> <span class='ocrx_word' id='word_1_163' title='bbox 785 3014 816 3064; x_wconf 90' lang='lat' dir='ltr'><strong>et</strong></span> <span class='ocrx_word' id='word_1_164' title='bbox 838 3000 1037 3086; x_wconf 91' lang='lat' dir='ltr'><strong>dispositioni</strong></span> <span class='ocrx_word' id='word_1_165' title='bbox 1060 2998 1188 3078; x_wconf 85' lang='lat' dir='ltr'><strong>divinae,</strong></span> <span class='ocrx_word' id='word_1_166' title='bbox 1204 2997 1355 3061; x_wconf 91' lang='lat' dir='ltr'><strong>adhibitis</strong></span> <span class='ocrx_word' id='word_1_167' title='bbox 1377 2997 1478 3074; x_wconf 91' lang='lat' dir='ltr'><strong>sociis,</strong></span> 
     </span>
     <span class='ocr_line' id='line_1_23' title="bbox 529 3099 1479 3188; baseline 0.005 -31"><span class='ocrx_word' id='word_1_168' title='bbox 529 3118 610 3179; x_wconf 93' lang='lat' dir='ltr'><strong>quos</strong></span> <span class='ocrx_word' id='word_1_169' title='bbox 626 3100 753 3181; x_wconf 90' lang='lat' dir='ltr'><strong>poterit,</strong></span> <span class='ocrx_word' id='word_1_170' title='bbox 770 3102 899 3164; x_wconf 89' lang='lat' dir='ltr'><strong>sedulus</strong></span> <span class='ocrx_word' id='word_1_171' title='bbox 914 3101 1105 3188; x_wconf 88' lang='lat' dir='ltr'><strong>adquiescet.</strong></span> <span class='ocrx_word' id='word_1_172' title='bbox 1143 3100 1193 3162; x_wconf 88' lang='lat' dir='ltr'><strong>Sic</strong></span> <span class='ocrx_word' id='word_1_173' title='bbox 1209 3112 1239 3162; x_wconf 90' lang='lat' dir='ltr'><strong>et</strong></span> <span class='ocrx_word' id='word_1_174' title='bbox 1258 3100 1300 3163; x_wconf 91' lang='lat' dir='ltr'><strong>R.</strong></span> <span class='ocrx_word' id='word_1_175' title='bbox 1315 3099 1356 3162; x_wconf 91' lang='lat' dir='ltr'><strong>de</strong></span> <span class='ocrx_word' id='word_1_176' title='bbox 1372 3099 1479 3162; x_wconf 80' lang='lat' dir='ltr'><strong>Lime-</strong></span> 
     </span>
     <span class='ocr_line' id='line_1_24' title="bbox 530 3198 1480 3290; baseline 0.005 -31"><span class='ocrx_word' id='word_1_177' title='bbox 530 3198 627 3274; x_wconf 90' lang='lat' dir='ltr'><strong>sheia,</strong></span> <span class='ocrx_word' id='word_1_178' title='bbox 644 3223 716 3263; x_wconf 87' lang='lat' dir='ltr'><strong>sane</strong></span> <span class='ocrx_word' id='word_1_179' title='bbox 739 3206 765 3265; x_wconf 93' lang='lat' dir='ltr'><strong>si</strong></span> <span class='ocrx_word' id='word_1_180' title='bbox 788 3202 970 3267; x_wconf 91' lang='lat' dir='ltr'><strong>electionem</strong></span> <span class='ocrx_word' id='word_1_181' title='bbox 995 3217 1094 3278; x_wconf 87' lang='lat' dir='ltr'><strong>tuam,</strong></span> <span class='ocrx_word' id='word_1_182' title='bbox 1111 3201 1198 3290; x_wconf 90' lang='lat' dir='ltr'><strong>quod</strong></span> <span class='ocrx_word' id='word_1_183' title='bbox 1223 3215 1326 3264; x_wconf 87' lang='lat' dir='ltr'><strong>tamen</strong></span> <span class='ocrx_word' id='word_1_184' title='bbox 1351 3213 1480 3265; x_wconf 90' lang='lat' dir='ltr'><strong>auctore</strong></span> 
     </span>
     <span class='ocr_line' id='line_1_25' title="bbox 531 3299 1479 3389; baseline 0.005 -31"><span class='ocrx_word' id='word_1_185' title='bbox 531 3299 670 3362; x_wconf 90' lang='lat' dir='ltr'><strong>Domino</strong></span> <span class='ocrx_word' id='word_1_186' title='bbox 693 3323 753 3362; x_wconf 92' lang='lat' dir='ltr'><strong>nou</strong></span> <span class='ocrx_word' id='word_1_187' title='bbox 781 3316 943 3386; x_wconf 88' lang='lat' dir='ltr'><strong>poterunt,</strong></span> <span class='ocrx_word' id='word_1_188' title='bbox 968 3303 1075 3389; x_wconf 88' lang='lat' dir='ltr'><strong>aliquo</strong></span> <span class='ocrx_word' id='word_1_189' title='bbox 1097 3303 1192 3365; x_wconf 92' lang='lat' dir='ltr'><strong>modo</strong></span> <span class='ocrx_word' id='word_1_190' title='bbox 1219 3314 1346 3386; x_wconf 87' lang='lat' dir='ltr'><strong>possent</strong></span> <span class='ocrx_word' id='word_1_191' title='bbox 1374 3301 1479 3365; x_wconf 76' lang='lat' dir='ltr'><strong>aemuli</strong></span> 
     </span>
     <span class='ocr_line' id='line_1_26' title="bbox 530 3396 1480 3488; baseline 0.005 -31"><span class='ocrx_word' id='word_1_192' title='bbox 530 3396 695 3482; x_wconf 89' lang='lat' dir='ltr'><strong>impedire,</strong></span> <span class='ocrx_word' id='word_1_193' title='bbox 712 3401 788 3463; x_wconf 89' lang='lat' dir='ltr'><strong>nihil</strong></span> <span class='ocrx_word' id='word_1_194' title='bbox 812 3425 920 3465; x_wconf 92' lang='lat' dir='ltr'><strong>eorum</strong></span> <span class='ocrx_word' id='word_1_195' title='bbox 944 3426 1018 3488; x_wconf 88' lang='lat' dir='ltr'><strong>quae</strong></span> <span class='ocrx_word' id='word_1_196' title='bbox 1030 3397 1158 3478; x_wconf 66' lang='lat' dir='ltr'><strong>&#39;volent,</strong></span> <span class='ocrx_word' id='word_1_197' title='bbox 1173 3402 1323 3480; x_wconf 88' lang='lat' dir='ltr'><strong>facerent,</strong></span> <span class='ocrx_word' id='word_1_198' title='bbox 1339 3401 1391 3465; x_wconf 94' lang='lat' dir='ltr'><strong>sed</strong></span> <span class='ocrx_word' id='word_1_199' title='bbox 1411 3403 1480 3487; x_wconf 87' lang='lat' dir='ltr'><strong>jam</strong></span> 
     </span>
     <span class='ocr_line' id='line_1_27' title="bbox 532 3500 1481 3590; baseline 0.006 -32"><span class='ocrx_word' id='word_1_200' title='bbox 532 3500 677 3583; x_wconf 89' lang='lat' dir='ltr'><strong>provisus</strong></span> <span class='ocrx_word' id='word_1_201' title='bbox 692 3517 738 3567; x_wconf 88' lang='lat' dir='ltr'><strong>est</strong></span> <span class='ocrx_word' id='word_1_202' title='bbox 762 3504 816 3589; x_wconf 90' lang='lat' dir='ltr'><strong>qui</strong></span> <span class='ocrx_word' id='word_1_203' title='bbox 832 3505 998 3569; x_wconf 84' lang='lat' dir='ltr'><strong>cervicosis</strong></span> <span class='ocrx_word' id='word_1_204' title='bbox 1012 3505 1238 3590; x_wconf 85' lang='lat' dir='ltr'><strong>imponeretur,</strong></span> <span class='ocrx_word' id='word_1_205' title='bbox 1255 3516 1285 3567; x_wconf 91' lang='lat' dir='ltr'><strong>et</strong></span> <span class='ocrx_word' id='word_1_206' title='bbox 1309 3526 1383 3588; x_wconf 86' lang='lat' dir='ltr'><strong>quae</strong></span> <span class='ocrx_word' id='word_1_207' title='bbox 1399 3503 1481 3565; x_wconf 90' lang='lat' dir='ltr'><strong>ferre</strong></span> 
     </span>
     <span class='ocr_line' id='line_1_28' title="bbox 532 3606 1481 3692; baseline 0.004 -29"><span class='ocrx_word' id='word_1_208' title='bbox 532 3623 594 3665; x_wconf 91' lang='lat' dir='ltr'><strong>nou</strong></span> <span class='ocrx_word' id='word_1_209' title='bbox 611 3620 746 3688; x_wconf 91' lang='lat' dir='ltr'><strong>possent.</strong></span> <span class='ocrx_word' id='word_1_210' title='bbox 793 3608 932 3671; x_wconf 88' lang='lat' dir='ltr'><strong>Verbum</strong></span> <span class='ocrx_word' id='word_1_211' title='bbox 949 3621 1054 3671; x_wconf 90' lang='lat' dir='ltr'><strong>autem</strong></span> <span class='ocrx_word' id='word_1_212' title='bbox 1079 3606 1163 3692; x_wconf 90' lang='lat' dir='ltr'><strong>quod</strong></span> <span class='ocrx_word' id='word_1_213' title='bbox 1180 3607 1220 3669; x_wconf 91' lang='lat' dir='ltr'><strong>de</strong></span> <span class='ocrx_word' id='word_1_214' title='bbox 1236 3619 1267 3669; x_wconf 88' lang='lat' dir='ltr'><strong>te</strong></span> <span class='ocrx_word' id='word_1_215' title='bbox 1283 3622 1405 3673; x_wconf 86' lang='lat' dir='ltr'><strong>motum</strong></span> <span class='ocrx_word' id='word_1_216' title='bbox 1422 3619 1481 3676; x_wconf 81' lang='lat' dir='ltr'><strong>est,</strong></span> 
     </span>
     <span class='ocr_line' id='line_1_29' title="bbox 532 3705 1484 3792; baseline 0 -24"><span class='ocrx_word' id='word_1_217' title='bbox 532 3705 669 3771; x_wconf 90' lang='lat' dir='ltr'><strong>ecclesiae</strong></span> <span class='ocrx_word' id='word_1_218' title='bbox 703 3707 868 3785; x_wconf 65' lang='lat' dir='ltr'><strong>Romanae,</strong></span> <span class='ocrx_word' id='word_1_219' title='bbox 891 3708 1019 3772; x_wconf 92' lang='lat' dir='ltr'><strong>domino</strong></span> <span class='ocrx_word' id='word_1_220' title='bbox 1049 3709 1127 3791; x_wconf 80' lang='lat' dir='ltr'><strong>regi,</strong></span> <span class='ocrx_word' id='word_1_221' title='bbox 1151 3706 1405 3792; x_wconf 89' lang='lat' dir='ltr'><strong>metropolitano,</strong></span> <span class='ocrx_word' id='word_1_222' title='bbox 1431 3730 1484 3769; x_wconf 91' lang='lat' dir='ltr'><strong>co·</strong></span> 
     </span>
     <span class='ocr_line' id='line_1_30' title="bbox 533 3807 1485 3896; baseline 0 -25"><span class='ocrx_word' id='word_1_223' title='bbox 533 3811 699 3895; x_wconf 76' lang='lat' dir='ltr'><strong>episcopie,</strong></span> <span class='ocrx_word' id='word_1_224' title='bbox 715 3811 767 3874; x_wconf 92' lang='lat' dir='ltr'><strong>sed</strong></span> <span class='ocrx_word' id='word_1_225' title='bbox 785 3826 816 3876; x_wconf 90' lang='lat' dir='ltr'><strong>et</strong></span> <span class='ocrx_word' id='word_1_226' title='bbox 831 3812 979 3877; x_wconf 88' lang='lat' dir='ltr'><strong>omnibus</strong></span> <span class='ocrx_word' id='word_1_227' title='bbox 994 3811 1052 3896; x_wconf 89' lang='lat' dir='ltr'><strong>qui</strong></span> <span class='ocrx_word' id='word_1_228' title='bbox 1075 3809 1153 3872; x_wconf 92' lang='lat' dir='ltr'><strong>illud</strong></span> <span class='ocrx_word' id='word_1_229' title='bbox 1174 3807 1355 3888; x_wconf 87' lang='lat' dir='ltr'><strong>audieruut,</strong></span> <span class='ocrx_word' id='word_1_230' title='bbox 1369 3807 1485 3892; x_wconf 89' lang='lat' dir='ltr'><strong>placet,</strong></span> 
     </span>
     <span class='ocr_line' id='line_1_31' title="bbox 533 3911 1484 3998; baseline -0.002 -25"><span class='ocrx_word' id='word_1_231' title='bbox 533 3913 673 3998; x_wconf 82' lang='lat' dir='ltr'><strong>exceptis</strong></span> <span class='ocrx_word' id='word_1_232' title='bbox 683 3914 732 3977; x_wconf 89' lang='lat' dir='ltr'><strong>his</strong></span> <span class='ocrx_word' id='word_1_233' title='bbox 745 3938 825 3998; x_wconf 91' lang='lat' dir='ltr'><strong>quos</strong></span> <span class='ocrx_word' id='word_1_234' title='bbox 836 3930 892 3978; x_wconf 87' lang='lat' dir='ltr'><strong>aut</strong></span> <span class='ocrx_word' id='word_1_235' title='bbox 902 3914 1044 3987; x_wconf 89' lang='lat' dir='ltr'><strong>ambitio,</strong></span> <span class='ocrx_word' id='word_1_236' title='bbox 1056 3925 1111 3974; x_wconf 89' lang='lat' dir='ltr'><strong>aut</strong></span> <span class='ocrx_word' id='word_1_237' title='bbox 1124 3911 1265 3985; x_wconf 87' lang='lat' dir='ltr'><strong>avaritia,</strong></span> <span class='ocrx_word' id='word_1_238' title='bbox 1279 3923 1335 3972; x_wconf 87' lang='lat' dir='ltr'><strong>aut</strong></span> <span class='ocrx_word' id='word_1_239' title='bbox 1346 3911 1484 3972; x_wconf 91' lang='lat' dir='ltr'><strong>immun·</strong></span> 
     </span>
     <span class='ocr_line' id='line_1_32' title="bbox 533 4011 1484 4096; baseline -0.003 -22"><span class='ocrx_word' id='word_1_240' title='bbox 533 4013 627 4089; x_wconf 86' lang='lat' dir='ltr'><strong>dicia,</strong></span> <span class='ocrx_word' id='word_1_241' title='bbox 649 4024 706 4076; x_wconf 79' lang='lat' dir='ltr'><strong>atrt</strong></span> <span class='ocrx_word' id='word_1_242' title='bbox 730 4013 859 4095; x_wconf 87' lang='lat' dir='ltr'><strong>invidia,</strong></span> <span class='ocrx_word' id='word_1_243' title='bbox 882 4014 1064 4077; x_wconf 76' lang='lat' dir='ltr'><strong>excaecavit·</strong></span> <span class='ocrx_word' id='word_1_244' title='bbox 1109 4011 1203 4090; x_wconf 85' lang='lat' dir='ltr'><strong>Quod</strong></span> <span class='ocrx_word' id='word_1_245' title='bbox 1228 4011 1252 4073; x_wconf 92' lang='lat' dir='ltr'><strong>si</strong></span> <span class='ocrx_word' id='word_1_246' title='bbox 1278 4011 1360 4078; x_wconf 86' lang='lat' dir='ltr'><strong>forte</strong></span> <span class='ocrx_word' id='word_1_247' title='bbox 1386 4033 1484 4096; x_wconf 90' lang='lat' dir='ltr'><strong>appa·</strong></span> 
     </span>
     <span class='ocr_line' id='line_1_33' title="bbox 533 4112 1486 4200; baseline 0.002 -26"><span class='ocrx_word' id='word_1_248' title='bbox 533 4115 656 4176; x_wconf 87' lang='lat' dir='ltr'><strong>ruerint</strong></span> <span class='ocrx_word' id='word_1_249' title='bbox 679 4115 710 4176; x_wconf 91' lang='lat' dir='ltr'><strong>iu</strong></span> <span class='ocrx_word' id='word_1_250' title='bbox 727 4134 895 4200; x_wconf 76' lang='lat' dir='ltr'><strong>conspectu</strong></span> <span class='ocrx_word' id='word_1_251' title='bbox 920 4114 1086 4190; x_wconf 82' lang='lat' dir='ltr'><strong>bonorum,</strong></span> <span class='ocrx_word' id='word_1_252' title='bbox 1102 4118 1134 4178; x_wconf 91' lang='lat' dir='ltr'><strong>in</strong></span> <span class='ocrx_word' id='word_1_253' title='bbox 1151 4137 1208 4177; x_wconf 89' lang='lat' dir='ltr'><strong>sua</strong></span> <span class='ocrx_word' id='word_1_254' title='bbox 1231 4112 1351 4176; x_wconf 82' lang='lat' dir='ltr'><strong>malitia</strong></span> <span class='ocrx_word' id='word_1_255' title='bbox 1372 4112 1486 4197; x_wconf 90' lang='lat' dir='ltr'><strong>persis-</strong></span> 
     </span>
     <span class='ocr_line' id='line_1_34' title="bbox 534 4214 1483 4302; baseline 0 -26"><span class='ocrx_word' id='word_1_256' title='bbox 534 4228 647 4293; x_wconf 85' lang='lat' dir='ltr'><strong>tentes,</strong></span> <span class='ocrx_word' id='word_1_257' title='bbox 662 4217 836 4278; x_wconf 87' lang='lat' dir='ltr'><strong>confundet</strong></span> <span class='ocrx_word' id='word_1_258' title='bbox 852 4241 904 4279; x_wconf 93' lang='lat' dir='ltr'><strong>eos</strong></span> <span class='ocrx_word' id='word_1_259' title='bbox 929 4224 1027 4294; x_wconf 84' lang='lat' dir='ltr'><strong>Deus,</strong></span> <span class='ocrx_word' id='word_1_260' title='bbox 1044 4243 1082 4280; x_wconf 91' lang='lat' dir='ltr'><strong>ne</strong></span> <span class='ocrx_word' id='word_1_261' title='bbox 1097 4221 1165 4302; x_wconf 89' lang='lat' dir='ltr'><strong>ipse</strong></span> <span class='ocrx_word' id='word_1_262' title='bbox 1180 4215 1385 4299; x_wconf 89' lang='lat' dir='ltr'><strong>dispositione</strong></span> <span class='ocrx_word' id='word_1_263' title='bbox 1400 4214 1483 4277; x_wconf 88' lang='lat' dir='ltr'><strong>frus·</strong></span> 
     </span>
     <span class='ocr_line' id='line_1_35' title="bbox 536 4316 1486 4403; baseline -0.001 -25"><span class='ocrx_word' id='word_1_264' title='bbox 536 4329 620 4380; x_wconf 84' lang='lat' dir='ltr'><strong>trata</strong></span> <span class='ocrx_word' id='word_1_265' title='bbox 635 4317 850 4380; x_wconf 86' lang='lat' dir='ltr'><strong>confundatur</strong></span> <span class='ocrx_word' id='word_1_266' title='bbox 871 4319 912 4380; x_wconf 89' lang='lat' dir='ltr'><strong>ab</strong></span> <span class='ocrx_word' id='word_1_267' title='bbox 935 4320 987 4383; x_wconf 91' lang='lat' dir='ltr'><strong>eis.</strong></span> <span class='ocrx_word' id='word_1_268' title='bbox 1035 4321 1188 4384; x_wconf 87' lang='lat' dir='ltr'><strong>Silueram</strong></span> <span class='ocrx_word' id='word_1_269' title='bbox 1213 4317 1354 4403; x_wconf 88' lang='lat' dir='ltr'><strong>quidem,</strong></span> <span class='ocrx_word' id='word_1_270' title='bbox 1370 4329 1399 4378; x_wconf 89' lang='lat' dir='ltr'><strong>et</strong></span> <span class='ocrx_word' id='word_1_271' title='bbox 1422 4316 1486 4379; x_wconf 90' lang='lat' dir='ltr'><strong>dis·</strong></span> 
     </span>
     <span class='ocr_line' id='line_1_36' title="bbox 537 4419 1487 4514; baseline -0.002 -32"><span class='ocrx_word' id='word_1_272' title='bbox 537 4419 754 4486; x_wconf 86' lang='lat' dir='ltr'><strong>simulaveram</strong></span> <span class='ocrx_word' id='word_1_273' title='bbox 778 4420 931 4504; x_wconf 84' lang='lat' dir='ltr'><strong>gaudium</strong></span> <span class='ocrx_word' id='word_1_274' title='bbox 950 4445 1066 4498; x_wconf 88' lang='lat' dir='ltr'><strong>mcum,</strong></span> <span class='ocrx_word' id='word_1_275' title='bbox 1083 4424 1160 4514; x_wconf 88' lang='lat' dir='ltr'><strong>quia</strong></span> <span class='ocrx_word' id='word_1_276' title='bbox 1176 4434 1218 4496; x_wconf 90' lang='lat' dir='ltr'><strong>te,</strong></span> <span class='ocrx_word' id='word_1_277' title='bbox 1236 4422 1261 4483; x_wconf 88' lang='lat' dir='ltr'><strong>si</strong></span> <span class='ocrx_word' id='word_1_278' title='bbox 1277 4419 1345 4486; x_wconf 89' lang='lat' dir='ltr'><strong>fieri</strong></span> <span class='ocrx_word' id='word_1_279' title='bbox 1369 4430 1487 4510; x_wconf 83' lang='lat' dir='ltr'><strong>posset,</strong></span> 
     </span>
    </p>
   </div>
   <div class='ocr_carea' id='block_1_3' title="bbox 0 0 1857 5475">
    <p class='ocr_par' dir='ltr' id='par_1_3' title="bbox 0 0 1857 5475">
     <span class='ocr_line' id='line_1_37' title="bbox 0 0 1857 5475; baseline 0 0"><span class='ocrx_word' id='word_1_280' title='bbox 0 0 1857 5475; x_wconf 95' lang='lat' dir='ltr'><strong> </strong></span> 
     </span>
    </p>
   </div>
  </div>
 </body>
</html>
