3667 5475
433 439 543 518 noa]
812 456 992 501 cataronis.
1321 446 1384 506 ³85

430 607 541 672 eodem
559 607 671 692 judice
692 606 806 684 fateor,
821 610 899 691 quia
916 605 1000 671 malo
1015 618 1047 670 te
1069 606 1103 670 in
1124 607 1185 671 hac
1203 606 1384 674 conditione

431 709 560 787 versari,
587 732 685 794 quam
711 708 793 772 illud
818 708 954 794 perfidia
975 721 1033 774 aut
1058 706 1155 773 etiam
1180 732 1384 797 quacumque

431 824 508 878 nota
529 810 739 899 turpitudinis
764 810 944 875 redemisse.
990 810 1040 875 Sit
1065 833 1143 897 ergo
1166 834 1263 891 nunc,
1285 814 1385 877 amice

433 913 507 992 Dei,
523 913 580 997 qui
595 936 685 976 meus
704 935 723 976 a
746 911 855 976 multis
878 909 993 974 diebus
1007 909 1110 991 fuisti,
1125 914 1297 979 consolatio
1320 924 1388 996 tua,

433 1038 507 1101 quae
529 1038 580 1079 me
602 1013 737 1079 etmihi
764 1013 1002 1077 coexulantium
1027 1026 1088 1092 est,
1110 1013 1287 1081 innocentis
1312 1039 1385 1082 con-

434 1118 574 1184 scientiae
597 1118 826 1194 testimonium,
850 1139 916 1201 qua
939 1115 1018 1180 nihil
1041 1116 1076 1181 in
1099 1116 1166 1183 vita
1188 1130 1295 1203 potest
1318 1143 1386 1185 esse

430 1218 616 1307 jucundius.
663 1219 697 1282 Si
713 1219 842 1303 quidem
858 1216 914 1282 illa

607 1382 748 1393 —--
755 1352 843 1423 judice
852 1369 929 1404 nemo
940 1368 1037 1404 nocens
1049 1350 1199 1417 absolvitur,

434 1495 505 1560 quae
520 1485 553 1538 et
568 1494 706 1535 vermem
719 1471 930 1536 immortalem
943 1483 975 1536 et
989 1471 1095 1555 ignem
1111 1471 1386 1558 inextinguibilem

433 1576 538 1662 parit:
569 1587 626 1638 aut
641 1587 678 1639 ut
696 1574 802 1638 verius
816 1573 965 1654 dixerim,
979 1573 1159 1658 perenniter
1172 1575 1270 1639 fovet.
1311 1578 1386 1640 Non

433 1678 517 1742 enim
541 1676 751 1750 conscientiae,
778 1674 832 1738 sed
858 1675 963 1759 culpae
989 1687 1036 1739 est
1062 1688 1174 1759 partus
1196 1679 1267 1755 iste,
1290 1699 1385 1762 quem

435 1802 592 1864 sempera
607 1791 638 1843 te
654 1783 744 1844 Deus
758 1776 855 1841 faciat
874 1776 1024 1840 alienum.
1071 1778 1104 1840 si
1128 1778 1168 1841 de
1182 1800 1233 1841 me
1256 1779 1386 1864 quaeris,

435 1890 565 1945 sancet
590 1880 753 1957 incolumi,
778 1878 974 1963 suffragatur
998 1880 1173 1966 negotiatio
1196 1881 1388 1963 litterarum,

434 1983 617 2069 expectanti
631 1979 877 2045 misericordiam
894 1980 1025 2045 Domini
1036 1984 1070 2046 in
1084 1981 1246 2047 affluentia
1260 1984 1387 2057 illorum

435 2108 510 2170 quae
530 2095 645 2147 natura
667 2081 820 2167 deposcit,
835 2089 892 2145 aut
907 2082 1142 2147 conviventium
1167 2105 1279 2149 mores.
1326 2085 1388 2151 Co-

434 2183 546 2249 exulat
569 2179 647 2244 mihi
670 2179 770 2245 frater
795 2204 885 2246 meus
910 2204 1034 2246 mecum
1057 2181 1099 2245 ad
1119 2204 1211 2245 omne
1234 2201 1327 2248 tuum
1353 2186 1385 2250 in

435 2283 577 2351 Domino
586 2293 755 2369 promptus
769 2283 970 2369 obsequium.
1002 2284 1110 2361 Quum
1125 2296 1231 2348 autem
1247 2285 1289 2349 ad
1303 2308 1386 2372 prae-

435 2410 506 2452 sens
517 2384 605 2449 aliud
617 2405 823 2470 nequeamus
834 2384 1032 2451 salutationis
1041 2397 1073 2449 et
1082 2384 1260 2451 devotionis
1268 2409 1386 2452 munus

436 2490 609 2565 offerimus,
635 2509 692 2574 per
723 2495 754 2549 te
783 2486 926 2552 dicentes
951 2487 1086 2553 salutem
1116 2488 1232 2575 quibus
1260 2491 1386 2555 noveris

435 2590 596 2677 expedire,
627 2600 659 2652 et
689 2586 875 2653 nominatim
905 2588 1026 2654 clericis
1054 2589 1147 2666 aulae,
1173 2590 1230 2676 qui
1259 2614 1316 2656 nec
1345 2614 1386 2656 ex

435 2692 562 2758 nomine
576 2689 843 2757 excommunicati
861 2705 946 2771 sunt,
961 2714 1019 2758 nec
1042 2693 1386 2761 excommunicatorum

436 2792 687 2881 participatione.
