3667 5475
448 421 652 504 tren-61]
850 440 1032 486 nmsrona.
1371 430 1410 489 ol

436 589 538 676 regni
554 575 664 671 vestii,
675 590 820 677 nihilque
832 590 863 654 in
880 590 1103 678 prejudicium
1116 593 1186 680 ejus
1201 594 1407 659 statuendum

438 709 494 761 est
512 695 579 760 sine
594 694 726 760 consilio
740 694 816 759 cleri
833 693 939 758 vestri.

490 1007 720 1074 EPISTOLA
742 1008 954 1072 XLIX-sn
969 1027 1231 1073 oaucnntanrun
1247 1028 1354 1075 nnete

853 1159 1016 1224 Cantetur.

494 1292 648 1360 Gntvarr
662 1314 774 1357 sumus
788 1291 862 1379 plus
876 1314 975 1379 quam
991 1290 1050 1356 tibi
1063 1289 1114 1356 vel
1128 1290 1198 1355 aliis
1213 1291 1318 1356 dicere
1333 1316 1405 1379 pos·

449 1415 576 1470 sumus,
591 1404 624 1458 et
638 1393 778 1458 nondum
796 1395 875 1458 bene
889 1392 1060 1457 evasimus.
1098 1396 1178 1479 Spes
1193 1406 1297 1458 tamen
1314 1393 1407 1459 nobis

452 1508 503 1562 est
525 1494 680 1560 evadendi
695 1496 879 1576 salubriter,
893 1495 972 1582 quia
993 1494 1096 1574 nobis,
1110 1506 1239 1559 auctore
1255 1494 1405 1573 Domino,

451 1598 651 1685 propositum
680 1611 729 1664 est
759 1599 940 1665 satisfacere
967 1595 1154 1683 flagellanti,
1181 1612 1214 1661 et
1238 1596 1402 1681 flagellum

452 1714 606 1765 aeternum
626 1700 784 1766 declinare
802 1699 1009 1785 castigatione
1024 1699 1193 1789 prasenti:
1223 1723 1325 1787 eoque
1339 1722 1406 1764 cer-

452 1801 547 1868 tiores
562 1824 672 1867 sumus
685 1801 727 1867 de
739 1803 841 1879 venia,
853 1827 920 1889 qno
933 1805 1062 1887 gravius
1072 1801 1243 1888 affligimur
1257 1802 1405 1885 prasenti

422 1952 425 1961 ι
452 1907 594 1991 corporis
614 1927 738 1991 poena..
766 1904 925 1989 Flagellat
946 1906 1029 1969 eninr
1050 1904 1209 1977 Dominus
1223 1926 1347 1968 omnem
1370 1904 1408 1968 fi-

453 2004 532 2072 lium
554 2006 796 2094 quemrecipit.
834 1994 950 2073 'Parati
975 2029 1053 2092 ergo
1078 2029 1189 2072 sumus
1214 2007 1348 2092 patienti
1373 2017 1406 2069 et

453 2106 527 2173 laeto
548 2107 655 2173 animo
678 2131 786 2174 amara
812 2109 972 2195 suscipere
996 2108 1037 2173 de
1059 2131 1156 2173 manu
1183 2108 1326 2186 Domini,
1349 2107 1406 2194 qui

453 2208 557 2276 dulcia
573 2212 667 2277 toties
681 2210 714 2275 in
729 2232 822 2275 usum
836 2211 1017 2296 accepimus
1032 2211 1082 2276 vel
1097 2211 1243 2278 abusum.
1289 2212 1407 2297 Itaque

454 2311 519 2376 sive
544 2313 692 2388 vivimus,
720 2311 785 2378 sive
812 2312 974 2402 morimur,
997 2314 1128 2378 Domini
1152 2336 1272 2379 sumus.
1318 2312 1408 2377 Nihil

453 2413 536 2478 enim
553 2414 641 2480 aliud
656 2414 871 2479 desideramus
886 2415 919 2479 in
932 2414 1010 2493 vita,
1022 2408 1096 2480 licet
1111 2414 1236 2501 aliquid
1251 2413 1407 2501 propositi

453 2513 650 2591 differamus,
661 2515 759 2606 donec
774 2517 895 2582 domini
911 2519 995 2603 regis
1010 2529 1042 2582 et
1058 2529 1114 2582 tuo
1125 2529 1253 2582 utamur
1266 2514 1408 2581 consilio.

455 2619 589 2683 Interim
605 2618 714 2684 domui
729 2633 858 2698 nostrae,
874 2634 906 2686 et
929 2621 1043 2685 animae
1059 2633 1176 2685 nostrae
1198 2617 1407 2705 disponimus,

453 2732 486 2785 et
501 2744 561 2808 pro
571 2720 703 2786 consilio
716 2721 947 2809 religiosorum,
961 2722 1075 2790 amodo
1086 2736 1257 2809 praestante
1269 2721 1408 2787 Domino

454 2822 609 2889 efficacius
623 2824 840 2913 disponemus.
886 2827 948 2890 Est
963 2837 1071 2890 autem
1087 2825 1175 2911 quod
1190 2837 1256 2890 tam
1275 2825 1317 2889 de
1332 2847 1408 2890 con·

456 2924 525 2992 silio
539 2927 712 3012 religionis,
727 2949 824 3014 quam
847 2927 887 2991 de
910 2929 1041 3015 proprio
1055 2929 1257 3016 concepimus
1279 2928 1407 3017 spiritu,

455 3039 492 3092 nt
506 3046 615 3093 ornnes
626 3028 726 3093 malas
736 3029 982 3094 consuetudines
997 3051 1069 3117 quae
1080 3030 1197 3095 nostris
1207 3030 1408 3118 temporibus

453 3143 485 3194 et
500 3152 557 3217 per
579 3152 638 3194 nos
652 3144 732 3196 ortae
754 3143 829 3198 sunt
848 3131 881 3195 in
892 3133 1184 3220 archiepiscopatu,
1203 3134 1410 3198 emendemus

453 3243 527 3296 ante
542 3231 665 3296 exitum
681 3245 835 3309 nostrum.
874 3232 972 3296 Unde
986 3255 1087 3319 quum
1102 3232 1135 3296 in
1150 3233 1301 3297 extremis
1315 3254 1409 3318 agere

454 3332 647 3410 videremur,
665 3334 804 3398 Domino
819 3335 966 3398 vovimus
986 3333 1069 3398 iuter
1092 3344 1216 3415 caetera,
1230 3334 1318 3421 quod
1333 3355 1408 3398 con·

455 3434 658 3500 suetudinem
678 3436 720 3500 de
744 3437 890 3501 secundis
904 3436 1044 3513 auxiliis,
1060 3459 1157 3521 quarn
1180 3437 1280 3501 frater
1301 3453 1408 3502 noster

455 3536 696 3602 archidiaconus
710 3539 847 3602 ecclesiis
870 3538 1033 3625 imposuit,
1048 3539 1295 3616 destrueremus,
1310 3540 1354 3605 et'
1366 3540 1408 3605 ab

455 3661 492 3703 ea
507 3639 688 3704 relaxantes
710 3640 855 3704 ecclesias
876 3654 909 3705 et
933 3641 1112 3716 liberantes,
1128 3640 1188 3705 sub
1209 3641 1410 3708 anathemate
1490 3674 1493 3682 =

456 3740 690 3827 prohibuimus,
706 3763 746 3804 ne
760 3744 895 3806 ulterius
910 3741 952 3804 ab
966 3740 1075 3827 aliquo
1089 3741 1269 3826 exigantur.
1307 3743 1353 3809 Et
1369 3764 1410 3815 na

456 3841 514 3907 boc
528 3856 674 3907 nostrum
687 3842 886 3919 beneficium,
899 3855 956 3906 aut
971 3842 1081 3929 potius
1094 3842 1250 3926 debitum,
1260 3845 1293 3909 in
1306 3857 1410 3933 poste-

456 3965 526 4010 rum
542 3945 646 4010 valeat
661 3944 834 4020 infirmari3
865 3946 926 4011 hoc
941 3945 1044 4033 ipsum
1067 3944 1187 4033 scripto
1209 3961 1318 4011 nostro
1337 3969 1411 4012 con·
1432 4028 1437 4036 ,

457 4047 663 4112 firmavimus.
709 4049 763 4112 Tu
785 4070 928 4134 quoque,
943 4049 969 4111 si
984 4068 1125 4132 praesens
1142 4061 1265 4114 nostras
1279 4048 1412 4114 vidisses

904 4170 925 4213 a
940 4157 960 4214 2
