3667 5475
384 734 495 810 llos]
626 777 633 790 .
764 751 942 798 snrsronn.
1270 745 1332 803 289

380 903 520 978 muteri5
550 901 607 964 ubi
629 923 701 965 vero
723 904 849 967 Groecis
871 904 1067 969 dictionibus
1088 909 1332 991 aequipollentes

380 1000 512 1068 Latinas
541 1023 605 1065 nou
635 1004 748 1086 reperi,
772 1006 822 1067 rel
848 1006 1070 1089 loquutionem
1100 1026 1121 1067 a
1146 1008 1331 1073 Latinorum

378 1104 531 1169 idiomate
557 1103 739 1187 discrepare
764 1106 916 1190 comperi,
939 1109 988 1170 vel
1016 1109 1149 1173 Graecas
1173 1109 1332 1175 dictiones

379 1204 509 1279 detorsi,
526 1206 576 1270 vel
595 1204 636 1268 de
657 1226 754 1270 sensu
770 1207 910 1271 auctoris
933 1207 1020 1292 quod
1040 1206 1132 1293 potui
1146 1222 1178 1273 et
1191 1221 1227 1275 ut
1241 1214 1330 1295 potui

379 1306 505 1370 Latinis
520 1306 717 1370 dictionibus
732 1307 907 1390 designari.
938 1310 1033 1393 Saepe
1047 1320 1164 1386 autem,
1179 1312 1236 1376 ubi
1250 1312 1331 1377 duas

380 1410 508 1473 veltres
529 1408 687 1473 dictiones
709 1410 841 1475 Latinrm
862 1431 921 1494 pro
941 1433 1006 1475 una
1022 1412 1138 1476 Graeca
1156 1414 1261 1496 posui,
1276 1436 1331 1479 eas

379 1508 471 1593 qnasi
496 1530 594 1572 unam
618 1509 792 1593 conjunxi:
832 1531 898 1573 non
925 1509 1012 1594 quod
1036 1532 1133 1574 unam
1157 1511 1331 1578 dictionem

378 1632 435 1674 eas
458 1631 528 1674 esse
551 1612 675 1689 vellem,
694 1611 752 1675 sed
775 1622 810 1676 ut
830 1612 958 1696 plenior
979 1612 1161 1678 intellectus
1183 1614 1284 1691 fieret,
1299 1629 1331 1680 et

379 1723 531 1795 quantum
561 1713 731 1793 elegantiae
762 1734 804 1776 ex
833 1714 945 1796 inopia
977 1714 1101 1778 Latinae
1131 1716 1329 1798 loquutionis

377 1822 529 1878 tractatus
538 1814 598 1877 iste
609 1814 768 1898 perderet,
781 1825 959 1898 appareret.
989 1816 1122 1881 confert
1132 1828 1237 1880 autem
1247 1818 1330 1883 liber

376 1914 436 1978 iste
459 1916 633 1998 plurimum
655 1914 697 1980 ad
719 1912 961 1997 intelligentiam
985 1917 1127 1980 omnium
1149 1916 1327 1984 divinarum
1442 1973 1444 1978 .

377 2016 613 2100 scripturarum,
637 2018 673 2080 in
698 2018 814 2102 quibus
840 2016 881 2089 de
904 2018 999 2082 factis
1021 2029 1077 2082 aut
1103 2018 1200 2083 dictis
1225 2020 1329 2101 agitur

376 2117 571 2197 angelorum.
616 2117 701 2182 Nam
725 2119 826 2181 tribus
852 2118 1040 2184 hierarchiis
1066 2141 1179 2183 omnes
1202 2120 1327 2185 divinos

376 2215 504 2301 spiritus
530 2216 793 2302 comprehendit:
829 2219 972 2301 singulas
1002 2231 1110 2284 autem
1132 2222 1326 2286 hierarchias

376 2319 409 2380 in
439 2327 502 2382 tres
531 2320 660 2383 ordines
689 2320 861 2398 distribuit,
886 2334 919 2385 et
944 2322 986 2386 de
1016 2323 1150 2406 singulis
1175 2323 1325 2387 altissime

375 2418 513 2483 disserit.
543 2421 639 2485 Ponit
648 2433 754 2485 autem
763 2419 919 2506 quasdam
936 2423 975 2487 de
991 2426 1114 2505 angelis
1124 2422 1328 2509 quaestiones,

375 2529 409 2584 et
424 2519 596 2585 earundem
610 2524 743 2607 apponit
757 2524 939 2589 solutiones.
970 2527 1008 2588 In
1024 2526 1088 2588 fine
1099 2544 1172 2587 vero
1187 2527 1326 2590 rationes

374 2622 513 2705 exponit
527 2622 696 2706 figurarum
712 2626 745 2690 in
762 2623 868 2689 Sacris
892 2625 1067 2709 Scripturis
1082 2624 1324 2709 adscriptorum.

373 2723 448 2788 Erit
471 2737 578 2790 antem
603 2736 714 2791 vestrae
745 2726 947 2792 discretionis
976 2728 1060 2793 banc
1091 2746 1194 2790 meam
1223 2734 1323 2792 trans·

373 2827 524 2890 lationem
541 2851 614 2893 cum
630 2830 835 2893 translatione
858 2831 994 2894 Joannis
1016 2831 1107 2895 Scoti
1128 2848 1324 2912 comparare.

375 2925 471 2998 Quod
487 2928 514 2990 si
528 2928 610 2992 forte
626 2928 825 2992 commodius
839 2929 896 2993 illo
911 2931 999 2993 risus
1013 2930 1100 2992 suero
1113 2928 1324 3003 transtulisse,

371 3036 406 3089 ut
419 3027 537 3092 librum
559 3051 689 3114 quoque
705 3031 746 3093 de
760 3030 992 3096 Ecclesiastico
1007 3029 1199 3094 Hierarchia
1219 3039 1322 3092 trans·

372 3128 469 3190 feram
484 3130 604 3211 poteris
618 3130 795 3213 impetrare.

445 3375 669 3440 EPISTOLA
692 3377 848 3441 Cla-ro
861 3340 1021 3441 reseram
1036 3396 1062 3439 s.
1079 3393 1247 3440 sonuum.

734 3478 778 3558 [e.
796 3498 826 3543 n.
845 3478 955 3556 noo]

633 3617 753 3680 Abbati
765 3621 874 3682 sancti
888 3619 1071 3682 Edmundr'.

416 3743 531 3813 Sum
548 3753 632 3810 statu
647 3758 762 3821 restro,
778 3766 875 3829 quem
898 3745 989 3810 Deus
1011 3763 1201 3830 prosperum
1215 3743 1323 3819 saciat,

369 3867 436 3910 non
453 3845 617 3911 sollicitari
630 3868 696 3910 non
719 3847 834 3926 debeo,
848 3868 913 3930 prae
937 3857 1043 3910 mente
1060 3845 1179 3929 jugiter
1200 3843 1323 3907 habens

371 3948 485 4013 merita
512 3948 705 4013 sinceritatis
729 3959 852 4012 restrae.
904 3950 939 4015 Si
968 3947 1096 4033 quidem
1123 3965 1183 4009 nec
1209 3945 1324 4010 caritas

367 4050 504 4113 elabitur
532 4070 591 4132 per
618 4050 786 4127 incuriam,
814 4071 875 4112 neo
904 4049 1015 4112 fraude
1056 4047 1232 4131 surripitur,
1260 4069 1322 4113 nec

367 4151 529 4222 excutitur
552 4150 718 4225 violenter,
739 4169 778 4212 eo
800 4149 888 4234 quod
910 4150 944 4212 in
966 4149 1128 4213 mentibus
1149 4149 1322 4213 electorum

366 4252 502 4316 solidius
516 4273 537 4315 a
548 4251 721 4335 Christo-et
734 4249 769 4313 iu
782 4249 908 4314 Christo
921 4251 1082 4316 fundatur.
1121 4249 1321 4335 Obsequium

367 4372 475 4434 meum
486 4352 577 4415 vobis
587 4350 745 4415 subtrahit
755 4349 876 4414 malitia
885 4351 1048 4434 temporis,
1060 4349 1117 4414 sed
1128 4351 1320 4415 voluntatem
