3667 5475
511 770 549 829 10
594 824 597 830 .
764 783 900 828 ioannis
915 780 1194 827 mamasmnnsrs
1368 757 1415 838 [n.
1433 778 1464 822 n.

506 933 603 998 vestri
625 932 843 998 excellentiam
866 931 1016 1009 eundern,
1045 941 1081 995 ut
1107 953 1146 1032 eir
1174 928 1357 993 testimonio
1382 952 1467 1015 quo-

505 1033 654 1099 rumdam
669 1034 820 1101 abbatum
837 1032 1031 1119 accepimus,
1046 1031 1274 1097 invitaverunt.

698 1350 923 1415 EPISTOLA
947 1351 1095 1413 lX.-sn
1110 1366 1264 1413 nnnnnu.

766 1486 908 1547 Domino
921 1505 1018 1566 pape
1036 1484 1195 1547 Adriano.

553 1643 706 1719 causan,
722 1664 796 1729 quae
811 1642 895 1706 inter
910 1638 1060 1703 abbatem
1078 1637 1118 1701 de
1135 1638 1336 1722 Coggesbala
1350 1651 1381 1704 et
1398 1641 1468 1725 pri-

508 1768 595 1811 orem
620 1743 887 1809 Rumiliacensem
911 1764 1008 1827 super
1033 1739 1164 1805 eeclesia
1189 1738 1230 1803 de
1260 1741 1468 1827 coggeshala

508 1848 648 1913 multum
660 1859 693 1911 et
701 1845 758 1910 diu
767 1845 890 1927 agitata
900 1856 961 1918 est,
969 1865 1173 1930 nequaquam
1184 1841 1348 1927 potuimus
1357 1844 1469 1907 termi-

508 1970 596 2025 nare,
623 1946 700 2031 quia
725 1957 799 2031 post
828 1944 948 2008 multas
977 1943 1152 2009 citationes
1172 1954 1206 2007 et
1234 1942 1403 2008 dilationes
1433 1948 1468 2010 in

510 2060 652 2113 nostram
682 2046 883 2133 praesentiam
916 2058 1085 2121 venerunt,
1116 2063 1148 2110 et
1179 2044 1297 2110 ibidem
1328 2059 1469 2132 uterque

510 2150 647 2215 alterum
669 2148 711 2212 ad
733 2148 933 2234 apostolatus
955 2147 1053 2211 vestri
1079 2147 1281 2233 praesentiam
1307 2146 1468 2214 inritavit.

513 2252 607 2315 Prior
638 2249 882 2314 Rumiliacensis
911 2249 1062 2313 abbatem
1091 2247 1279 2334 appellavit,
1309 2272 1347 2312 eo
1375 2252 1468 2335 quod

511 2351 572 2416 sibi
588 2350 751 2414 ecclesiam
769 2351 973 2437 saepedictam
988 2350 1155 2415 auferebat
1170 2363 1203 2414 et
1218 2348 1358 2414 decimas
1372 2373 1468 2437 paro-

512 2452 711 2530 chianorum,
742 2474 824 2539 quos
853 2476 872 2516 a
901 2452 1051 2516 domibus
1080 2464 1112 2516 et
1141 2453 1234 2516 terris
1263 2450 1468 2537 expulerant,

511 2552 661 2640 diemque
676 2553 815 2639 praefixit
827 2556 966 2618 Octavas
978 2557 1188 2618 Pentecosten.
1228 2553 1381 2617 Monaohi
1390 2576 1470 2619 vero

511 2654 626 2718 exinde
651 2676 741 2719 suam
763 2653 999 2742 praetendentes
1021 2664 1245 2741 paupertatem
1271 2675 1304 2717 se
1328 2654 1467 2741 priorem

511 2755 543 2819 in
574 2755 743 2841 praesentia
780 2754 920 2841 episcopi
960 2754 1162 2817 Morinorum
1196 2752 1238 2817 ad
1269 2753 1468 2820 audientiam

512 2870 650 2923 vestram
664 2859 851 2945 appellasse,
865 2869 898 2921 et
914 2856 1033 2920 festum
1051 2854 1159 2918 Sancti
1176 2857 1274 2920 Lucae
1295 2856 1468 2922 terminum

512 2981 578 3022 suae
593 2960 798 3046 appellationi
821 2958 932 3022 fecisse
952 2958 1145 3042 allegarunt,
1159 2967 1191 3019 et
1213 2957 1344 3022 eandem
1361 2981 1467 3024 eoram

510 3060 604 3124 uobis
618 3058 862 3146 appellationem
878 3072 1120 3128 renovaverunt.

718 3351 941 3416 EPISTOLA
966 3355 1097 3418 X.-an
1112 3374 1265 3420 annnam.

780 3489 920 3550 Domino
930 3509 1027 3569 papo
1043 3490 1198 3552 Adriano.

559 3645 702 3708 Cnnnlcr
718 3655 858 3728 quatuor
872 3667 892 3707 a
902 3644 1027 3730 judicio
1044 3646 1232 3711 venerabilis
1246 3647 1355 3713 fratris
1369 3651 1469 3716 nostri

515 3743 654 3829 episcopi
679 3742 908 3808 Loudoniensis
927 3767 946 3807 a
966 3745 1071 3830 priore
1091 3743 1263 3813 Romiliac.
1283 3770 1342 3834 per
1361 3751 1471 3836 appel-

514 3844 664 3909 lationem
692 3844 786 3908 tracti
812 3844 844 3906 in
869 3857 978 3908 nostra
1002 3846 1172 3930 praesentia
1199 3845 1425 3925 constiterunt,
1451 3873 1470 3913 a

514 3946 635 4029 quibus
659 3945 745 4009 idem
770 3945 857 4030 prior
882 3969 914 4009 se
941 3946 1139 4031 querebatur
1168 3970 1272 4033 nuper
1298 3949 1470 4034 spoliatum

514 4044 653 4129 quadam
670 4044 790 4127 capella
805 4045 943 4107 ecclesiae
960 4069 1027 4109 suae
1048 4047 1088 4109 de
1108 4047 1187 4112 lleia
1202 4049 1324 4134 absque
1334 4051 1469 4135 judicio,

513 4165 610 4228 quam
627 4143 717 4205 annis
732 4150 774 4207 60
789 4156 821 4206 et
844 4167 881 4206 eo
904 4145 1042 4230 amplius
1065 4148 1175 4233 quiete
1197 4152 1381 4217 inconcusse
1400 4176 1472 4239 pos·

515 4243 649 4308 sederat.
696 4244 747 4308 Ad
764 4243 857 4325 cujus
873 4246 916 4307 rei
933 4248 1151 4330 probationem
1165 4252 1213 4316 bis
1225 4252 1471 4338 allegationibus

517 4344 677 4420 utebatur,
691 4346 794 4429 primo
809 4347 886 4431 quia
903 4347 1081 4415 sacerdotes
1096 4351 1142 4416 illi
1155 4353 1212 4437 qui
1228 4354 1268 4418 ad
1286 4359 1470 4421 memoriam
