3667 5475
441 780 652 858 {lou—ot]
841 785 1019 839 amsrotn.
1363 780 1401 837 71

432 952 531 1013 niam
548 971 623 1035 pars
639 948 707 1011 baec
722 946 871 1032 pluribus
881 958 929 1010 est
945 958 976 1009 et
992 943 1175 1009 melioribus
1189 954 1328 1029 accepta,
1343 943 1397 1006 sed

432 1073 513 1114 eam
530 1050 751 1115 vehementius
768 1060 910 1113 tuentur.

766 1326 989 1389 EPISTOLA
1014 1325 1082 1387 LX.

490 1473 626 1535 Sonant
651 1471 852 1557 pigmentarii
878 1470 1019 1534 diversas
1043 1471 1161 1557 species
1187 1469 1398 1551 commiscere,

443 1595 582 1636 acumen
604 1573 816 1659 pungentium
839 1573 883 1636 sic
905 1572 1052 1658 mitigare
1075 1572 1210 1649 lenibus,
1231 1584 1263 1635 et
1285 1573 1399 1636 amaris
1455 1651 1466 1670 ἱ

446 1692 686 1762 contemperare
697 1676 815 1756 dulcia,
824 1689 859 1741 ut
871 1699 974 1762 quum
986 1676 1018 1739 in
1031 1698 1121 1738 novae
1133 1675 1246 1760 speciei
1257 1698 1398 1760 saporem

449 1789 482 1841 et
506 1776 675 1841 efficaciam
701 1778 885 1858 coaluerint,
911 1778 1058 1843 universa
1084 1777 1277 1852 dulcescant,
1301 1789 1332 1840 et
1359 1778 1400 1840 ad
1463 1824 1464 1827 η

450 1878 685 1941 subversionem
697 1881 851 1942 mentium
863 1876 1037 1941 efficaciora
1054 1876 1116 1941 sint
1132 1879 1290 1953 universa,
1303 1900 1399 1962 quam

451 1978 586 2064 singula.
634 1980 706 2042 Hoc
727 1993 835 2043 autem
857 1992 889 2043 et
912 1978 1030 2042 idcirco
1052 1979 1134 2043 forte
1157 1980 1274 2062 saepius
1295 1979 1400 2043 evenit

452 2080 540 2165 quod
556 2105 681 2168 eaquae
695 2081 838 2145 dulciora
854 2094 940 2161 sunt,
955 2094 1127 2145 sumuntur
1144 2082 1280 2162 avidiuS,
1295 2094 1326 2146 et
1341 2082 1400 2145 im·

454 2182 628 2248 moderatio
639 2183 819 2248 sobrietatis
831 2196 947 2247 metam
958 2184 1087 2262 deserit,
1097 2208 1197 2269 quum
1210 2186 1330 2250 hostem
1344 2186 1401 2270 qui

455 2284 581 2348 minime
591 2299 803 2370 praecavetur,
815 2285 920 2370 gratia
934 2284 1111 2349 dulcedinis
1121 2284 1305 2350 introducit.
1351 2289 1403 2351 Tu

455 2386 583 2472 quidem
599 2411 639 2451 an
658 2387 890 2473 pigmentarius
914 2387 1106 2473 quandoque
1121 2388 1233 2465 fueris,
1248 2389 1402 2453 incertum

456 2486 568 2565 babeo,
582 2502 688 2553 oertus
710 2489 859 2574 equidem
883 2490 969 2576 quod
992 2490 1218 2575 pigmentarios
1239 2489 1272 2552 in
1295 2490 1405 2576 aliquo

456 2587 600 2672 imitaris,
614 2590 640 2655 si
654 2604 759 2655 tamen
778 2605 864 2657 recte
886 2591 1001 2655 diceris
1023 2590 1151 2667 imitari,
1168 2615 1248 2676 quos
1270 2591 1302 2655 in
1325 2616 1404 2678 qua·

456 2692 601 2757 rumdam
612 2693 807 2757 confectione
822 2694 998 2779 specierum
1011 2694 1127 2758 videris
1141 2695 1259 2758 rectius
1274 2698 1405 2760 anteire.

458 2798 502 2859 Et
518 2796 602 2860 torte
615 2796 687 2860 ideo
708 2796 902 2881 praecedenti
916 2812 1073 2862 autumno
1088 2797 1190 2860 varias
1208 2797 1270 2858 vini
1287 2797 1406 2881 species

457 2896 612 2976 coemisti,
625 2920 759 2982 quarum
782 2903 940 2985 coemptio
962 2912 993 2963 et
1016 2898 1235 2983 comportatio,
1261 2898 1353 2976 (sicut
1376 2912 1407 2962 te

458 2998 536 3062 mihi
552 2997 710 3084 scripsisse
725 3001 842 3083 recolo)
867 3023 995 3086 operam
1019 3013 1105 3065 tuam
1130 3024 1148 3063 n
1170 3001 1317 3085 gerendis
1339 3001 1408 3065 aliis

457 3101 642 3165 avocabant.
693 3102 755 3165 Sed
787 3102 859 3167 licet
889 3124 1018 3165 manum
1041 3103 1180 3188 vulgaris
1205 3103 1408 3189 pigmentarii

457 3201 649 3288 dedigneris,
661 3202 804 3287 linguam
820 3217 925 3268 tamen
936 3215 967 3267 et
983 3203 1140 3266 calamum
1155 3227 1255 3290 quum
1269 3205 1408 3269 universi

459 3304 599 3388 pulveris
620 3303 836 3390 pigmentarii,
852 3305 910 3390 qui
933 3317 1038 3368 tamen
1061 3305 1284 3392 philosophum
1306 3308 1409 3389 decet,

460 3405 522 3469 vim
536 3405 712 3482 redoleant,
724 3428 927 3492 nequaquam
945 3405 1079 3470 sufficies
1094 3431 1263 3495 excusare:
1288 3432 1360 3473 nam
1376 3423 1408 3474 et

459 3505 587 3594 loquela
612 3521 670 3572 tua
693 3507 896 3572 manifestum
923 3521 955 3572 te
982 3508 1070 3585 facit,
1096 3522 1128 3572 et
1158 3509 1409 3575 dissimulantem

460 3610 577 3694 pagina
590 3632 693 3696 nuper
708 3609 784 3672 mibi
797 3610 891 3673 missa
904 3610 1073 3675 convincit.
1108 3616 1146 3676 In
1161 3613 1297 3676 amicum
1315 3613 1411 3698 siqui-

460 3711 533 3774 dem
556 3710 738 3796 imperitum
762 3735 903 3776 sermone
931 3732 962 3777 et
990 3713 1118 3777 scientia
1144 3713 1306 3797 ingenium
1329 3713 1409 3777 illud

463 3812 661 3876 Lexoviense
678 3814 792 3892 exeris,
809 3815 950 3899 linguam
974 3815 1062 3877 acuis
1083 3815 1323 3889 Lexoviensem,
1338 3837 1410 3878 cum

459 3937 525 4000 qua
540 3935 705 4000 nunquam
722 3938 850 3979 manum
866 3937 1028 3978 conserere
1044 3913 1120 3977 mibi
1143 3915 1340 3999 propositum
1364 3930 1412 3982 est

462 4017 501 4079 ab
523 4015 625 4093 initio,
640 4030 672 4082 et
688 4018 776 4082 velut
794 4028 900 4081 orator
923 4030 1114 4103 praepotens,
1130 4039 1214 4080 nunc
1236 4030 1293 4082 tua
1315 4019 1413 4083 stabi·

463 4117 550 4194 liens,
566 4142 652 4182 nunc
672 4119 839 4184 destruens
854 4120 965 4193 aliena,
983 4118 1061 4182 mihi
1076 4141 1201 4184 omnem
1224 4119 1414 4186 defensionis

462 4219 632 4307 praecludis
646 4221 743 4298 viam,
758 4234 791 4285 et
812 4221 944 4306 quidem
966 4223 1124 4306 praeclusa
1138 4236 1230 4302 esset,
1247 4237 1281 4289 ut
1297 4224 1413 4287 mutire

462 4340 523 4384 non
538 4321 713 4404 possem,si
728 4322 954 4406 occupationes
971 4345 1054 4386 meas
1066 4322 1205 4386 novisses
1220 4324 1259 4387 ad
1276 4326 1415 4410 plenum.

459 4419 523 4486 Sed
534 4422 566 4486 in
578 4446 616 4486 eo
631 4423 712 4486 bene
724 4445 796 4486 cum
809 4421 1022 4507 simplicibus,
1037 4422 1097 4486 mei
1114 4422 1231 4487 scilicet
1250 4422 1417 4499 similibus,
