<?xml version="1.0" encoding="UTF-8"?>
<!DOCTYPE html PUBLIC "-//W3C//DTD XHTML 1.0 Transitional//EN"
    "http://www.w3.org/TR/xhtml1/DTD/xhtml1-transitional.dtd">
<html xmlns="http://www.w3.org/1999/xhtml" xml:lang="en" lang="en">
 <head>
  <title>
</title>
<meta http-equiv="Content-Type" content="text/html;charset=utf-8" />
  <meta name='ocr-system' content='tesseract 3.04.00' />
  <meta name='ocr-capabilities' content='ocr_page ocr_carea ocr_par ocr_line ocrx_word'/>
</head>
<body>
  <div class='ocr_page' id='page_1' title='image "./operaomnianuncp03johngoog_0041.png"; bbox 0 0 3667 5475; ppageno 0'>
   <div class='ocr_carea' id='block_1_1' title="bbox 445 776 1011 850">
    <p class='ocr_par' dir='ltr' id='par_1_1' title="bbox 445 776 1011 850">
     <span class='ocr_line' id='line_1_1' title="bbox 445 776 1011 850; baseline 0.002 -14"><span class='ocrx_word' id='word_1_1' title='bbox 445 776 621 850; x_wconf 50' lang='lat' dir='ltr'><strong>llam]</strong></span> <span class='ocrx_word' id='word_1_2' title='bbox 827 792 1011 838; x_wconf 64' lang='lat' dir='ltr'><strong>nrrsronn.</strong></span> 
     </span>
    </p>
   </div>
   <div class='ocr_carea' id='block_1_2' title="bbox 612 1041 1213 1281">
    <p class='ocr_par' dir='ltr' id='par_1_2' title="bbox 612 1041 1213 1281">
     <span class='ocr_line' id='line_1_2' title="bbox 612 1041 1213 1108; baseline -0.01 0"><span class='ocrx_word' id='word_1_3' title='bbox 612 1044 834 1108; x_wconf 84' lang='lat' dir='ltr'>EPISTOLA</span> <span class='ocrx_word' id='word_1_4' title='bbox 857 1041 1044 1104; x_wconf 63' lang='lat' dir='ltr'><strong>XIX-nn</strong></span> <span class='ocrx_word' id='word_1_5' title='bbox 1059 1060 1213 1105; x_wconf 83' lang='lat' dir='ltr'><strong>nuuuau.</strong></span> 
     </span>
     <span class='ocr_line' id='line_1_3' title="bbox 785 1199 1061 1281; baseline -0.004 -18"><span class='ocrx_word' id='word_1_6' title='bbox 785 1200 934 1263; x_wconf 78' lang='lat' dir='ltr'><em>Adriano</em></span> <span class='ocrx_word' id='word_1_7' title='bbox 949 1199 1061 1281; x_wconf 82' lang='lat' dir='ltr'><strong>Papa.</strong></span> 
     </span>
    </p>
   </div>
   <div class='ocr_carea' id='block_1_3' title="bbox 357 1332 1477 4486">
    <p class='ocr_par' dir='ltr' id='par_1_3' title="bbox 357 1332 1477 4486">
     <span class='ocr_line' id='line_1_4' title="bbox 480 1332 1393 1423; baseline -0.007 -19"><span class='ocrx_word' id='word_1_8' title='bbox 480 1342 594 1405; x_wconf 75' lang='lat' dir='ltr'><strong>Causa</strong></span> <span class='ocrx_word' id='word_1_9' title='bbox 631 1360 706 1423; x_wconf 83' lang='lat' dir='ltr'><strong>quae</strong></span> <span class='ocrx_word' id='word_1_10' title='bbox 742 1334 927 1398; x_wconf 84' lang='lat' dir='ltr'><strong>vertebatur</strong></span> <span class='ocrx_word' id='word_1_11' title='bbox 962 1334 1045 1397; x_wconf 87' lang='lat' dir='ltr'><strong>inter</strong></span> <span class='ocrx_word' id='word_1_12' title='bbox 1081 1332 1268 1417; x_wconf 87' lang='lat' dir='ltr'><strong>magistrum</strong></span> <span class='ocrx_word' id='word_1_13' title='bbox 1298 1334 1393 1399; x_wconf 83' lang='lat' dir='ltr'><strong>Jord.</strong></span> 
     </span>
     <span class='ocr_line' id='line_1_5' title="bbox 438 1434 1389 1521; baseline -0.003 -17"><span class='ocrx_word' id='word_1_14' title='bbox 438 1442 610 1505; x_wconf 86' lang='lat' dir='ltr'><strong>Fantasma</strong></span> <span class='ocrx_word' id='word_1_15' title='bbox 635 1451 667 1502; x_wconf 92' lang='lat' dir='ltr'><strong>et</strong></span> <span class='ocrx_word' id='word_1_16' title='bbox 692 1437 879 1521; x_wconf 88' lang='lat' dir='ltr'><strong>magistrum</strong></span> <span class='ocrx_word' id='word_1_17' title='bbox 904 1436 1060 1497; x_wconf 87' lang='lat' dir='ltr'><strong>Joannem</strong></span> <span class='ocrx_word' id='word_1_18' title='bbox 1087 1434 1231 1512; x_wconf 90' lang='lat' dir='ltr'><strong>Joichel.,</strong></span> <span class='ocrx_word' id='word_1_19' title='bbox 1258 1435 1389 1501; x_wconf 90' lang='lat' dir='ltr'><strong>clericos</strong></span> 
     </span>
     <span class='ocr_line' id='line_1_6' title="bbox 438 1533 1402 1621; baseline -0.005 -17"><span class='ocrx_word' id='word_1_20' title='bbox 438 1540 557 1604; x_wconf 93' lang='lat' dir='ltr'><strong>domini</strong></span> <span class='ocrx_word' id='word_1_21' title='bbox 576 1537 817 1613; x_wconf 90' lang='lat' dir='ltr'><strong>Wintoniensis,</strong></span> <span class='ocrx_word' id='word_1_22' title='bbox 829 1558 925 1621; x_wconf 86' lang='lat' dir='ltr'><strong>super</strong></span> <span class='ocrx_word' id='word_1_23' title='bbox 937 1533 1080 1600; x_wconf 91' lang='lat' dir='ltr'><strong>Winton.</strong></span> <span class='ocrx_word' id='word_1_24' title='bbox 1097 1537 1224 1601; x_wconf 90' lang='lat' dir='ltr'><strong>tandem</strong></span> <span class='ocrx_word' id='word_1_25' title='bbox 1241 1539 1402 1611; x_wconf 72' lang='lat' dir='ltr'><strong>translata.</strong></span> 
     </span>
     <span class='ocr_line' id='line_1_7' title="bbox 438 1635 1394 1725; baseline 0 -19"><span class='ocrx_word' id='word_1_26' title='bbox 438 1654 485 1706; x_wconf 89' lang='lat' dir='ltr'><strong>est</strong></span> <span class='ocrx_word' id='word_1_27' title='bbox 508 1642 548 1705; x_wconf 90' lang='lat' dir='ltr'><strong>ad</strong></span> <span class='ocrx_word' id='word_1_28' title='bbox 569 1641 762 1705; x_wconf 89' lang='lat' dir='ltr'><strong>audientiam</strong></span> <span class='ocrx_word' id='word_1_29' title='bbox 785 1650 936 1702; x_wconf 90' lang='lat' dir='ltr'><strong>nostram.</strong></span> <span class='ocrx_word' id='word_1_30' title='bbox 981 1635 1109 1701; x_wconf 86' lang='lat' dir='ltr'><strong>Auditis</strong></span> <span class='ocrx_word' id='word_1_31' title='bbox 1131 1661 1208 1722; x_wconf 87' lang='lat' dir='ltr'><strong>ergo</strong></span> <span class='ocrx_word' id='word_1_32' title='bbox 1228 1639 1394 1725; x_wconf 80' lang='lat' dir='ltr'><strong>allegatio·¹</strong></span> 
     </span>
     <span class='ocr_line' id='line_1_8' title="bbox 438 1738 1396 1829; baseline -0.001 -22"><span class='ocrx_word' id='word_1_33' title='bbox 438 1744 535 1807; x_wconf 89' lang='lat' dir='ltr'><strong>nibus</strong></span> <span class='ocrx_word' id='word_1_34' title='bbox 560 1743 702 1829; x_wconf 78' lang='lat' dir='ltr'><strong>magistri</strong></span> <span class='ocrx_word' id='word_1_35' title='bbox 727 1741 821 1805; x_wconf 86' lang='lat' dir='ltr'><strong>Jord.</strong></span> <span class='ocrx_word' id='word_1_36' title='bbox 849 1752 881 1803; x_wconf 92' lang='lat' dir='ltr'><strong>et</strong></span> <span class='ocrx_word' id='word_1_37' title='bbox 907 1738 1127 1802; x_wconf 86' lang='lat' dir='ltr'>instrumentis</span> <span class='ocrx_word' id='word_1_38' title='bbox 1153 1740 1322 1824; x_wconf 83' lang='lat' dir='ltr'>diligenter</span> <span class='ocrx_word' id='word_1_39' title='bbox 1340 1744 1396 1812; x_wconf 52' lang='lat' dir='ltr'><strong>,ins</strong></span> 
     </span>
     <span class='ocr_line' id='line_1_9' title="bbox 439 1842 1394 1932; baseline -0.001 -24"><span class='ocrx_word' id='word_1_40' title='bbox 439 1845 565 1932; x_wconf 66' lang='lat' dir='ltr'><strong>spectu,</strong></span> <span class='ocrx_word' id='word_1_41' title='bbox 582 1857 753 1908; x_wconf 87' lang='lat' dir='ltr'><strong>memorato</strong></span> <span class='ocrx_word' id='word_1_42' title='bbox 770 1844 793 1906; x_wconf 90' lang='lat' dir='ltr'><strong>J</strong></span> <span class='ocrx_word' id='word_1_43' title='bbox 795 1842 889 1906; x_wconf 90' lang='lat' dir='ltr'><strong>oanni</strong></span> <span class='ocrx_word' id='word_1_44' title='bbox 910 1853 1064 1912; x_wconf 10' lang='lat' dir='ltr'><strong>vestrauet</strong></span> <span class='ocrx_word' id='word_1_45' title='bbox 1081 1844 1394 1912; x_wconf 85' lang='lat' dir='ltr'><strong>nostraauctoritate</strong></span> 
     </span>
     <span class='ocr_line' id='line_1_10' title="bbox 439 1943 1395 2031; baseline 0.002 -22"><span class='ocrx_word' id='word_1_46' title='bbox 439 1946 644 2024; x_wconf 90' lang='lat' dir='ltr'><strong>inhibuimus,</strong></span> <span class='ocrx_word' id='word_1_47' title='bbox 656 1969 695 2010; x_wconf 91' lang='lat' dir='ltr'><strong>ne</strong></span> <span class='ocrx_word' id='word_1_48' title='bbox 706 1959 816 2009; x_wconf 87' lang='lat' dir='ltr'><strong>contra</strong></span> <span class='ocrx_word' id='word_1_49' title='bbox 829 1943 1024 2007; x_wconf 89' lang='lat' dir='ltr'><strong>voluntatem</strong></span> <span class='ocrx_word' id='word_1_50' title='bbox 1042 1943 1135 2008; x_wconf 90' lang='lat' dir='ltr'><strong>Jord.</strong></span> <span class='ocrx_word' id='word_1_51' title='bbox 1151 1944 1273 2008; x_wconf 89' lang='lat' dir='ltr'><strong>scholas</strong></span> <span class='ocrx_word' id='word_1_52' title='bbox 1282 1966 1395 2031; x_wconf 81' lang='lat' dir='ltr'><strong>regere</strong></span> 
     </span>
     <span class='ocr_line' id='line_1_11' title="bbox 437 2045 1393 2135; baseline 0.002 -24"><span class='ocrx_word' id='word_1_53' title='bbox 437 2063 633 2135; x_wconf 82' lang='lat' dir='ltr'><strong>presumeret</strong></span> <span class='ocrx_word' id='word_1_54' title='bbox 649 2049 681 2113; x_wconf 90' lang='lat' dir='ltr'><strong>in</strong></span> <span class='ocrx_word' id='word_1_55' title='bbox 702 2046 836 2134; x_wconf 84' lang='lat' dir='ltr'><strong>praesata</strong></span> <span class='ocrx_word' id='word_1_56' title='bbox 850 2046 988 2109; x_wconf 87' lang='lat' dir='ltr'><strong>civitate.</strong></span> <span class='ocrx_word' id='word_1_57' title='bbox 1034 2045 1096 2110; x_wconf 89' lang='lat' dir='ltr'><strong>Die</strong></span> <span class='ocrx_word' id='word_1_58' title='bbox 1112 2069 1185 2109; x_wconf 85' lang='lat' dir='ltr'><strong>vero</strong></span> <span class='ocrx_word' id='word_1_59' title='bbox 1200 2048 1345 2132; x_wconf 84' lang='lat' dir='ltr'><strong>sequenti</strong></span> <span class='ocrx_word' id='word_1_60' title='bbox 1360 2050 1393 2115; x_wconf 87' lang='lat' dir='ltr'><strong>in</strong></span> 
     </span>
     <span class='ocr_line' id='line_1_12' title="bbox 437 2135 1395 2236; baseline 0.004 -23"><span class='ocrx_word' id='word_1_61' title='bbox 437 2165 544 2215; x_wconf 90' lang='lat' dir='ltr'><strong>nostra</strong></span> <span class='ocrx_word' id='word_1_62' title='bbox 556 2151 727 2236; x_wconf 87' lang='lat' dir='ltr'><strong>praesentia</strong></span> <span class='ocrx_word' id='word_1_63' title='bbox 738 2148 962 2223; x_wconf 88' lang='lat' dir='ltr'><strong>constiterunt,</strong></span> <span class='ocrx_word' id='word_1_64' title='bbox 974 2146 1076 2236; x_wconf 87' lang='lat' dir='ltr'><strong>multa</strong></span> <span class='ocrx_word' id='word_1_65' title='bbox 1090 2148 1123 2210; x_wconf 92' lang='lat' dir='ltr'><strong>in</strong></span> <span class='ocrx_word' id='word_1_66' title='bbox 1136 2172 1168 2210; x_wconf 87' lang='lat' dir='ltr'><strong>sc</strong></span> <span class='ocrx_word' id='word_1_67' title='bbox 1181 2135 1395 2235; x_wconf 83' lang='lat' dir='ltr'><strong>proponentes</strong></span> 
     </span>
     <span class='ocr_line' id='line_1_13' title="bbox 437 2246 1391 2335; baseline 0.003 -20"><span class='ocrx_word' id='word_1_68' title='bbox 437 2252 477 2315; x_wconf 87' lang='lat' dir='ltr'><strong>ad</strong></span> <span class='ocrx_word' id='word_1_69' title='bbox 493 2253 644 2316; x_wconf 88' lang='lat' dir='ltr'><strong>invicem:</strong></span> <span class='ocrx_word' id='word_1_70' title='bbox 670 2253 846 2325; x_wconf 87' lang='lat' dir='ltr'><strong>Jordanus,</strong></span> <span class='ocrx_word' id='word_1_71' title='bbox 859 2248 883 2312; x_wconf 90' lang='lat' dir='ltr'><strong>si</strong></span> <span class='ocrx_word' id='word_1_72' title='bbox 897 2246 1025 2335; x_wconf 87' lang='lat' dir='ltr'><strong>quidem</strong></span> <span class='ocrx_word' id='word_1_73' title='bbox 1037 2250 1227 2334; x_wconf 91' lang='lat' dir='ltr'><strong>jamdictum</strong></span> <span class='ocrx_word' id='word_1_74' title='bbox 1238 2254 1391 2318; x_wconf 87' lang='lat' dir='ltr'><strong>Joannem</strong></span> 
     </span>
     <span class='ocr_line' id='line_1_14' title="bbox 438 2350 1394 2438; baseline 0.005 -22"><span class='ocrx_word' id='word_1_75' title='bbox 438 2367 547 2418; x_wconf 88' lang='lat' dir='ltr'><strong>contra</strong></span> <span class='ocrx_word' id='word_1_76' title='bbox 559 2355 743 2438; x_wconf 88' lang='lat' dir='ltr'><strong>religionem</strong></span> <span class='ocrx_word' id='word_1_77' title='bbox 757 2352 830 2415; x_wconf 90' lang='lat' dir='ltr'><strong>fidei</strong></span> <span class='ocrx_word' id='word_1_78' title='bbox 843 2353 876 2415; x_wconf 89' lang='lat' dir='ltr'><strong>in</strong></span> <span class='ocrx_word' id='word_1_79' title='bbox 891 2350 1045 2438; x_wconf 82' lang='lat' dir='ltr'><strong>praedicta</strong></span> <span class='ocrx_word' id='word_1_80' title='bbox 1056 2350 1184 2416; x_wconf 85' lang='lat' dir='ltr'><strong>civitate</strong></span> <span class='ocrx_word' id='word_1_81' title='bbox 1196 2352 1255 2417; x_wconf 90' lang='lat' dir='ltr'><strong>sibi</strong></span> <span class='ocrx_word' id='word_1_82' title='bbox 1271 2353 1394 2421; x_wconf 81' lang='lat' dir='ltr'><strong>scholas</strong></span> 
     </span>
     <span class='ocr_line' id='line_1_15' title="bbox 439 2455 1394 2543; baseline -0.001 -21"><span class='ocrx_word' id='word_1_83' title='bbox 439 2481 617 2543; x_wconf 87' lang='lat' dir='ltr'><strong>usurpasse,</strong></span> <span class='ocrx_word' id='word_1_84' title='bbox 632 2471 664 2521; x_wconf 89' lang='lat' dir='ltr'><strong>et</strong></span> <span class='ocrx_word' id='word_1_85' title='bbox 679 2456 796 2519; x_wconf 90' lang='lat' dir='ltr'><strong>damna</strong></span> <span class='ocrx_word' id='word_1_86' title='bbox 818 2455 958 2542; x_wconf 89' lang='lat' dir='ltr'><strong>plurima</strong></span> <span class='ocrx_word' id='word_1_87' title='bbox 972 2456 1117 2520; x_wconf 92' lang='lat' dir='ltr'><strong>intulisse</strong></span> <span class='ocrx_word' id='word_1_88' title='bbox 1140 2457 1276 2537; x_wconf 83' lang='lat' dir='ltr'><strong>dicebat,</strong></span> <span class='ocrx_word' id='word_1_89' title='bbox 1291 2457 1394 2521; x_wconf 89' lang='lat' dir='ltr'><strong>officio</strong></span> 
     </span>
     <span class='ocr_line' id='line_1_16' title="bbox 439 2557 1393 2643; baseline 0.001 -20"><span class='ocrx_word' id='word_1_90' title='bbox 439 2573 548 2624; x_wconf 89' lang='lat' dir='ltr'><strong>nostro</strong></span> <span class='ocrx_word' id='word_1_91' title='bbox 572 2560 633 2624; x_wconf 89' lang='lat' dir='ltr'><strong>sibi</strong></span> <span class='ocrx_word' id='word_1_92' title='bbox 656 2559 823 2643; x_wconf 88' lang='lat' dir='ltr'><strong>superbis</strong></span> <span class='ocrx_word' id='word_1_93' title='bbox 846 2557 993 2620; x_wconf 83' lang='lat' dir='ltr'><strong>satisfieri</strong></span> <span class='ocrx_word' id='word_1_94' title='bbox 1014 2557 1186 2641; x_wconf 88' lang='lat' dir='ltr'><strong>postulans.</strong></span> <span class='ocrx_word' id='word_1_95' title='bbox 1232 2561 1262 2622; x_wconf 92' lang='lat' dir='ltr'>E</span> <span class='ocrx_word' id='word_1_96' title='bbox 1282 2573 1393 2625; x_wconf 86' lang='lat' dir='ltr'><strong>contra</strong></span> 
     </span>
     <span class='ocr_line' id='line_1_17' title="bbox 438 2659 1477 2750; baseline 0 -23"><span class='ocrx_word' id='word_1_97' title='bbox 438 2664 574 2727; x_wconf 88' lang='lat' dir='ltr'><strong>Joannes</strong></span> <span class='ocrx_word' id='word_1_98' title='bbox 587 2660 754 2748; x_wconf 87' lang='lat' dir='ltr'><strong>sejudicio</strong></span> <span class='ocrx_word' id='word_1_99' title='bbox 770 2659 891 2746; x_wconf 83' lang='lat' dir='ltr'><strong>Synodi</strong></span> <span class='ocrx_word' id='word_1_100' title='bbox 904 2682 999 2744; x_wconf 87' lang='lat' dir='ltr'><strong>super</strong></span> <span class='ocrx_word' id='word_1_101' title='bbox 1013 2659 1088 2722; x_wconf 89' lang='lat' dir='ltr'><strong>fidei</strong></span> <span class='ocrx_word' id='word_1_102' title='bbox 1104 2659 1229 2725; x_wconf 85' lang='lat' dir='ltr'><strong>laesione</strong></span> <span class='ocrx_word' id='word_1_103' title='bbox 1244 2662 1392 2727; x_wconf 77' lang='lat' dir='ltr'><strong>innoceu-</strong></span> <span class='ocrx_word' id='word_1_104' title='bbox 1473 2743 1477 2750; x_wconf 29' lang='grc' dir='ltr'><strong><em>Ι</em></strong></span> 
     </span>
     <span class='ocr_line' id='line_1_18' title="bbox 438 2753 1391 2848; baseline 0 -24"><span class='ocrx_word' id='word_1_105' title='bbox 438 2760 514 2825; x_wconf 88' lang='lat' dir='ltr'><strong>tiam</strong></span> <span class='ocrx_word' id='word_1_106' title='bbox 526 2753 615 2824; x_wconf 78' lang='lat' dir='ltr'><strong>suam</strong></span> <span class='ocrx_word' id='word_1_107' title='bbox 626 2783 779 2848; x_wconf 82' lang='lat' dir='ltr'><strong>purgasse</strong></span> <span class='ocrx_word' id='word_1_108' title='bbox 788 2760 997 2839; x_wconf 82' lang='lat' dir='ltr'><strong>asserebat,et</strong></span> <span class='ocrx_word' id='word_1_109' title='bbox 1007 2760 1192 2844; x_wconf 89' lang='lat' dir='ltr'><strong>magistrum</strong></span> <span class='ocrx_word' id='word_1_110' title='bbox 1200 2762 1222 2822; x_wconf 89' lang='lat' dir='ltr'><strong>J</strong></span> <span class='ocrx_word' id='word_1_111' title='bbox 1224 2761 1391 2840; x_wconf 81' lang='lat' dir='ltr'><strong>ordonum,</strong></span> 
     </span>
     <span class='ocr_line' id='line_1_19' title="bbox 438 2859 1393 2946; baseline 0.001 -22"><span class='ocrx_word' id='word_1_112' title='bbox 438 2864 487 2926; x_wconf 91' lang='lat' dir='ltr'><strong>cui</strong></span> <span class='ocrx_word' id='word_1_113' title='bbox 517 2861 626 2925; x_wconf 89' lang='lat' dir='ltr'><strong>similis</strong></span> <span class='ocrx_word' id='word_1_114' title='bbox 652 2861 801 2946; x_wconf 86' lang='lat' dir='ltr'><strong>purgatio</strong></span> <span class='ocrx_word' id='word_1_115' title='bbox 827 2860 1011 2946; x_wconf 88' lang='lat' dir='ltr'><strong>adjudicata</strong></span> <span class='ocrx_word' id='word_1_116' title='bbox 1037 2871 1096 2936; x_wconf 89' lang='lat' dir='ltr'><strong>est,</strong></span> <span class='ocrx_word' id='word_1_117' title='bbox 1120 2859 1270 2945; x_wconf 87' lang='lat' dir='ltr'><strong>quoniam</strong></span> <span class='ocrx_word' id='word_1_118' title='bbox 1297 2883 1393 2946; x_wconf 90' lang='lat' dir='ltr'><strong>super</strong></span> 
     </span>
     <span class='ocr_line' id='line_1_20' title="bbox 438 2961 1392 3048; baseline 0 -21"><span class='ocrx_word' id='word_1_119' title='bbox 438 2963 510 3027; x_wconf 84' lang='lat' dir='ltr'><strong>fidei</strong></span> <span class='ocrx_word' id='word_1_120' title='bbox 521 2966 649 3027; x_wconf 88' lang='lat' dir='ltr'><strong>laesione</strong></span> <span class='ocrx_word' id='word_1_121' title='bbox 659 2963 913 3028; x_wconf 83' lang='lat' dir='ltr'><strong>similitersuerat</strong></span> <span class='ocrx_word' id='word_1_122' title='bbox 923 2962 1233 3048; x_wconf 91' lang='lat' dir='ltr'><strong>impetitus,omnino</strong></span> <span class='ocrx_word' id='word_1_123' title='bbox 1243 2961 1392 3027; x_wconf 88' lang='lat' dir='ltr'><strong>defecisse</strong></span> 
     </span>
     <span class='ocr_line' id='line_1_21' title="bbox 395 3063 1392 3152; baseline 0 -22"><span class='ocrx_word' id='word_1_124' title='bbox 395 3100 397 3105; x_wconf 30' lang='lat' dir='ltr'><strong>r</strong></span> <span class='ocrx_word' id='word_1_125' title='bbox 438 3066 574 3146; x_wconf 90' lang='lat' dir='ltr'><strong>dicebat,</strong></span> <span class='ocrx_word' id='word_1_126' title='bbox 594 3079 705 3152; x_wconf 87' lang='lat' dir='ltr'><strong>petens</strong></span> <span class='ocrx_word' id='word_1_127' title='bbox 721 3079 758 3130; x_wconf 90' lang='lat' dir='ltr'><strong>ut</strong></span> <span class='ocrx_word' id='word_1_128' title='bbox 779 3087 963 3150; x_wconf 86' lang='lat' dir='ltr'><strong>urgeremus</strong></span> <span class='ocrx_word' id='word_1_129' title='bbox 979 3063 1028 3128; x_wconf 91' lang='lat' dir='ltr'><strong>vel</strong></span> <span class='ocrx_word' id='word_1_130' title='bbox 1051 3063 1090 3127; x_wconf 85' lang='lat' dir='ltr'><strong>ad</strong></span> <span class='ocrx_word' id='word_1_131' title='bbox 1108 3065 1328 3150; x_wconf 89' lang='lat' dir='ltr'><strong>purgationem</strong></span> <span class='ocrx_word' id='word_1_132' title='bbox 1351 3089 1392 3131; x_wconf 87' lang='lat' dir='ltr'><strong>ex</strong></span> 
     </span>
     <span class='ocr_line' id='line_1_22' title="bbox 433 3165 1393 3257; baseline 0 -25"><span class='ocrx_word' id='word_1_133' title='bbox 433 3168 556 3252; x_wconf 88' lang='lat' dir='ltr'><strong>judicio</strong></span> <span class='ocrx_word' id='word_1_134' title='bbox 567 3167 792 3254; x_wconf 86' lang='lat' dir='ltr'><strong>praestandam,</strong></span> <span class='ocrx_word' id='word_1_135' title='bbox 803 3166 852 3229; x_wconf 86' lang='lat' dir='ltr'><strong>vel</strong></span> <span class='ocrx_word' id='word_1_136' title='bbox 868 3167 907 3230; x_wconf 91' lang='lat' dir='ltr'><strong>ad</strong></span> <span class='ocrx_word' id='word_1_137' title='bbox 921 3165 1112 3251; x_wconf 88' lang='lat' dir='ltr'><strong>implendam</strong></span> <span class='ocrx_word' id='word_1_138' title='bbox 1126 3165 1302 3252; x_wconf 89' lang='lat' dir='ltr'><strong>pactionem</strong></span> <span class='ocrx_word' id='word_1_139' title='bbox 1318 3191 1393 3257; x_wconf 84' lang='lat' dir='ltr'><strong>quae</strong></span> 
     </span>
     <span class='ocr_line' id='line_1_23' title="bbox 439 3269 1393 3356; baseline 0.001 -23"><span class='ocrx_word' id='word_1_140' title='bbox 439 3270 502 3334; x_wconf 87' lang='lat' dir='ltr'><strong>lide</strong></span> <span class='ocrx_word' id='word_1_141' title='bbox 516 3271 704 3356; x_wconf 87' lang='lat' dir='ltr'><strong>interposita</strong></span> <span class='ocrx_word' id='word_1_142' title='bbox 716 3269 997 3334; x_wconf 86' lang='lat' dir='ltr'><strong>dicebatur-fuisse</strong></span> <span class='ocrx_word' id='word_1_143' title='bbox 1008 3269 1166 3333; x_wconf 85' lang='lat' dir='ltr'><strong>roborata.</strong></span> <span class='ocrx_word' id='word_1_144' title='bbox 1199 3269 1268 3332; x_wconf 90' lang='lat' dir='ltr'><strong>lllis</strong></span> <span class='ocrx_word' id='word_1_145' title='bbox 1284 3269 1393 3356; x_wconf 85' lang='lat' dir='ltr'><strong>itaque</strong></span> 
     </span>
     <span class='ocr_line' id='line_1_24' title="bbox 438 3372 1392 3460; baseline 0 -23"><span class='ocrx_word' id='word_1_146' title='bbox 438 3374 480 3437; x_wconf 86' lang='lat' dir='ltr'><strong>sic</strong></span> <span class='ocrx_word' id='word_1_147' title='bbox 502 3374 742 3454; x_wconf 85' lang='lat' dir='ltr'><strong>altercantibus,</strong></span> <span class='ocrx_word' id='word_1_148' title='bbox 755 3376 894 3439; x_wconf 90' lang='lat' dir='ltr'><strong>Joannes</strong></span> <span class='ocrx_word' id='word_1_149' title='bbox 907 3386 1052 3437; x_wconf 74' lang='lat' dir='ltr'><strong>&#39;vestram</strong></span> <span class='ocrx_word' id='word_1_150' title='bbox 1068 3372 1261 3437; x_wconf 86' lang='lat' dir='ltr'><strong>audientiam</strong></span> <span class='ocrx_word' id='word_1_151' title='bbox 1285 3374 1392 3460; x_wconf 88' lang='lat' dir='ltr'><strong>appel-</strong></span> 
     </span>
     <span class='ocr_line' id='line_1_25' title="bbox 439 3473 1392 3558; baseline 0.002 -20"><span class='ocrx_word' id='word_1_152' title='bbox 439 3474 524 3554; x_wconf 89' lang='lat' dir='ltr'><strong>lavit,</strong></span> <span class='ocrx_word' id='word_1_153' title='bbox 535 3476 643 3541; x_wconf 88' lang='lat' dir='ltr'><strong>dicens</strong></span> <span class='ocrx_word' id='word_1_154' title='bbox 658 3499 690 3538; x_wconf 89' lang='lat' dir='ltr'><strong>se</strong></span> <span class='ocrx_word' id='word_1_155' title='bbox 705 3487 903 3538; x_wconf 89' lang='lat' dir='ltr'><strong>ostensurum</strong></span> <span class='ocrx_word' id='word_1_156' title='bbox 921 3473 1007 3558; x_wconf 93' lang='lat' dir='ltr'><strong>quod</strong></span> <span class='ocrx_word' id='word_1_157' title='bbox 1023 3474 1214 3558; x_wconf 87' lang='lat' dir='ltr'><strong>saepedictus</strong></span> <span class='ocrx_word' id='word_1_158' title='bbox 1228 3477 1392 3541; x_wconf 85' lang='lat' dir='ltr'><strong>Jordanus</strong></span> 
     </span>
     <span class='ocr_line' id='line_1_26' title="bbox 437 3577 1393 3664; baseline 0.001 -24"><span class='ocrx_word' id='word_1_159' title='bbox 437 3577 621 3663; x_wconf 90' lang='lat' dir='ltr'><strong>religionem</strong></span> <span class='ocrx_word' id='word_1_160' title='bbox 638 3577 712 3640; x_wconf 86' lang='lat' dir='ltr'><strong>fidei</strong></span> <span class='ocrx_word' id='word_1_161' title='bbox 728 3589 759 3640; x_wconf 92' lang='lat' dir='ltr'><strong>et</strong></span> <span class='ocrx_word' id='word_1_162' title='bbox 775 3579 963 3640; x_wconf 86' lang='lat' dir='ltr'><strong>sacramenti</strong></span> <span class='ocrx_word' id='word_1_163' title='bbox 980 3587 1197 3653; x_wconf 81' lang='lat' dir='ltr'><strong>temeraverat,</strong></span> <span class='ocrx_word' id='word_1_164' title='bbox 1210 3577 1294 3640; x_wconf 92' lang='lat' dir='ltr'><strong>diem</strong></span> <span class='ocrx_word' id='word_1_165' title='bbox 1311 3598 1393 3664; x_wconf 85' lang='lat' dir='ltr'><strong>prae&#39;-</strong></span> 
     </span>
     <span class='ocr_line' id='line_1_27' title="bbox 437 3676 1391 3763; baseline 0.003 -21"><span class='ocrx_word' id='word_1_166' title='bbox 437 3679 537 3763; x_wconf 90' lang='lat' dir='ltr'><strong>ligens</strong></span> <span class='ocrx_word' id='word_1_167' title='bbox 556 3679 756 3743; x_wconf 85' lang='lat' dir='ltr'><strong>nativitatem</strong></span> <span class='ocrx_word' id='word_1_168' title='bbox 779 3678 863 3742; x_wconf 89' lang='lat' dir='ltr'><strong>beati</strong></span> <span class='ocrx_word' id='word_1_169' title='bbox 887 3676 1031 3740; x_wconf 87' lang='lat' dir='ltr'><strong>Joannis.</strong></span> <span class='ocrx_word' id='word_1_170' title='bbox 1077 3679 1186 3755; x_wconf 84' lang='lat' dir='ltr'><strong>Quum</strong></span> <span class='ocrx_word' id='word_1_171' title='bbox 1206 3702 1282 3743; x_wconf 91' lang='lat' dir='ltr'><strong>vero</strong></span> <span class='ocrx_word' id='word_1_172' title='bbox 1300 3679 1391 3745; x_wconf 86' lang='lat' dir='ltr'><strong>Jord.</strong></span> 
     </span>
     <span class='ocr_line' id='line_1_28' title="bbox 436 3781 1392 3867; baseline 0.001 -23"><span class='ocrx_word' id='word_1_173' title='bbox 436 3781 649 3865; x_wconf 76' lang='lat' dir='ltr'><strong>prolixitatem</strong></span> <span class='ocrx_word' id='word_1_174' title='bbox 673 3782 825 3867; x_wconf 90' lang='lat' dir='ltr'><strong>temporis</strong></span> <span class='ocrx_word' id='word_1_175' title='bbox 851 3793 1045 3860; x_wconf 87' lang='lat' dir='ltr'><strong>causaretur,</strong></span> <span class='ocrx_word' id='word_1_176' title='bbox 1067 3805 1105 3844; x_wconf 88' lang='lat' dir='ltr'><strong>eo</strong></span> <span class='ocrx_word' id='word_1_177' title='bbox 1128 3781 1215 3866; x_wconf 93' lang='lat' dir='ltr'><strong>quod</strong></span> <span class='ocrx_word' id='word_1_178' title='bbox 1237 3783 1278 3844; x_wconf 90' lang='lat' dir='ltr'><strong>ab</strong></span> <span class='ocrx_word' id='word_1_179' title='bbox 1300 3782 1392 3845; x_wconf 90' lang='lat' dir='ltr'><strong>initio</strong></span> 
     </span>
     <span class='ocr_line' id='line_1_29' title="bbox 436 3883 1393 3969; baseline -0.001 -21"><span class='ocrx_word' id='word_1_180' title='bbox 436 3884 621 3949; x_wconf 88' lang='lat' dir='ltr'><strong>Decembris</strong></span> <span class='ocrx_word' id='word_1_181' title='bbox 633 3905 734 3969; x_wconf 85' lang='lat' dir='ltr'><strong>usquc</strong></span> <span class='ocrx_word' id='word_1_182' title='bbox 745 3884 785 3946; x_wconf 90' lang='lat' dir='ltr'><strong>ad</strong></span> <span class='ocrx_word' id='word_1_183' title='bbox 796 3883 888 3946; x_wconf 90' lang='lat' dir='ltr'><strong>finem</strong></span> <span class='ocrx_word' id='word_1_184' title='bbox 897 3884 920 3944; x_wconf 88' lang='lat' dir='ltr'>J</span> <span class='ocrx_word' id='word_1_185' title='bbox 924 3884 990 3947; x_wconf 93' lang='lat' dir='ltr'><strong>unii</strong></span> <span class='ocrx_word' id='word_1_186' title='bbox 1001 3884 1170 3947; x_wconf 89' lang='lat' dir='ltr'><strong>terminum</strong></span> <span class='ocrx_word' id='word_1_187' title='bbox 1180 3896 1393 3969; x_wconf 85' lang='lat' dir='ltr'><strong>prorogasset,</strong></span> 
     </span>
     <span class='ocr_line' id='line_1_30' title="bbox 436 3983 1393 4069; baseline 0.001 -21"><span class='ocrx_word' id='word_1_188' title='bbox 436 4001 501 4048; x_wconf 83' lang='lat' dir='ltr'><strong>eam</strong></span> <span class='ocrx_word' id='word_1_189' title='bbox 534 3986 708 4069; x_wconf 78' lang='lat' dir='ltr'><strong>saepefatus</strong></span> <span class='ocrx_word' id='word_1_190' title='bbox 735 3988 875 4048; x_wconf 86' lang='lat' dir='ltr'><strong>Joannes</strong></span> <span class='ocrx_word' id='word_1_191' title='bbox 900 3983 933 4046; x_wconf 91' lang='lat' dir='ltr'><strong>in</strong></span> <span class='ocrx_word' id='word_1_192' title='bbox 961 3985 1079 4048; x_wconf 87' lang='lat' dir='ltr'><strong>festum</strong></span> <span class='ocrx_word' id='word_1_193' title='bbox 1108 3984 1194 4049; x_wconf 87' lang='lat' dir='ltr'><strong>beati</strong></span> <span class='ocrx_word' id='word_1_194' title='bbox 1225 3985 1393 4057; x_wconf 73' lang='lat' dir='ltr'><strong>Michaelis,</strong></span> 
     </span>
     <span class='ocr_line' id='line_1_31' title="bbox 436 4087 1392 4173; baseline 0.004 -22"><span class='ocrx_word' id='word_1_195' title='bbox 436 4089 614 4171; x_wconf 87' lang='lat' dir='ltr'><strong>protelavit.</strong></span> <span class='ocrx_word' id='word_1_196' title='bbox 660 4092 728 4152; x_wconf 86' lang='lat' dir='ltr'><strong>Nos</strong></span> <span class='ocrx_word' id='word_1_197' title='bbox 743 4101 849 4151; x_wconf 91' lang='lat' dir='ltr'><strong>autem</strong></span> <span class='ocrx_word' id='word_1_198' title='bbox 867 4088 1073 4173; x_wconf 87' lang='lat' dir='ltr'><strong>quaestionem</strong></span> <span class='ocrx_word' id='word_1_199' title='bbox 1095 4087 1262 4152; x_wconf 88' lang='lat' dir='ltr'><strong>criminum</strong></span> <span class='ocrx_word' id='word_1_200' title='bbox 1278 4103 1392 4155; x_wconf 84' lang='lat' dir='ltr'><strong>vestrae</strong></span> 
     </span>
     <span class='ocr_line' id='line_1_32' title="bbox 357 4190 1393 4278; baseline 0.005 -25"><span class='ocrx_word' id='word_1_201' title='bbox 357 4193 360 4199; x_wconf 82' lang='grc'><strong><em>’</em></strong></span> <span class='ocrx_word' id='word_1_202' title='bbox 436 4203 632 4255; x_wconf 87' lang='lat' dir='ltr'><strong>reservantes</strong></span> <span class='ocrx_word' id='word_1_203' title='bbox 643 4190 837 4266; x_wconf 84' lang='lat' dir='ltr'><strong>discretioni,</strong></span> <span class='ocrx_word' id='word_1_204' title='bbox 855 4195 932 4277; x_wconf 87' lang='lat' dir='ltr'><strong>quia</strong></span> <span class='ocrx_word' id='word_1_205' title='bbox 947 4192 1072 4277; x_wconf 86' lang='lat' dir='ltr'><strong>dejure</strong></span> <span class='ocrx_word' id='word_1_206' title='bbox 1085 4191 1263 4256; x_wconf 91' lang='lat' dir='ltr'><strong>scholarum</strong></span> <span class='ocrx_word' id='word_1_207' title='bbox 1279 4194 1393 4278; x_wconf 88' lang='lat' dir='ltr'><strong>magis-</strong></span> 
     </span>
     <span class='ocr_line' id='line_1_33' title="bbox 438 4292 1393 4385; baseline 0.006 -31"><span class='ocrx_word' id='word_1_208' title='bbox 438 4293 477 4385; x_wconf 76' lang='lat' dir='ltr'><strong>tri</strong></span> <span class='ocrx_word' id='word_1_209' title='bbox 497 4292 631 4357; x_wconf 91' lang='lat' dir='ltr'><strong>Jordani</strong></span> <span class='ocrx_word' id='word_1_210' title='bbox 653 4294 828 4369; x_wconf 88' lang='lat' dir='ltr'><strong>constabat,</strong></span> <span class='ocrx_word' id='word_1_211' title='bbox 853 4295 1088 4358; x_wconf 90' lang='lat' dir='ltr'><strong>communicato</strong></span> <span class='ocrx_word' id='word_1_212' title='bbox 1111 4295 1247 4360; x_wconf 87' lang='lat' dir='ltr'><strong>fratrum</strong></span> <span class='ocrx_word' id='word_1_213' title='bbox 1271 4313 1393 4361; x_wconf 88' lang='lat' dir='ltr'><strong>nostro-</strong></span> 
     </span>
     <span class='ocr_line' id='line_1_34' title="bbox 434 4393 1390 4486; baseline 0.009 -33"><span class='ocrx_word' id='word_1_214' title='bbox 434 4413 504 4455; x_wconf 89' lang='lat' dir='ltr'><strong>rum</strong></span> <span class='ocrx_word' id='word_1_215' title='bbox 522 4393 744 4472; x_wconf 87' lang='lat' dir='ltr'><strong>Cicestrensis,</strong></span> <span class='ocrx_word' id='word_1_216' title='bbox 758 4395 1013 4470; x_wconf 77' lang='lat' dir='ltr'><strong>Heret&#39;ordensis,</strong></span> <span class='ocrx_word' id='word_1_217' title='bbox 1028 4402 1066 4459; x_wconf 68' lang='lat' dir='ltr'><strong>et‘</strong></span> <span class='ocrx_word' id='word_1_218' title='bbox 1076 4397 1295 4480; x_wconf 84' lang='lat' dir='ltr'><strong>Wigornensis</strong></span> <span class='ocrx_word' id='word_1_219' title='bbox 1310 4399 1390 4486; x_wconf 68' lang='lat' dir='ltr'><strong>epis-²</strong></span> 
     </span>
    </p>
   </div>
   <div class='ocr_carea' id='block_1_4' title="bbox 0 0 1838 5475">
    <p class='ocr_par' dir='ltr' id='par_1_4' title="bbox 0 0 1838 5475">
     <span class='ocr_line' id='line_1_35' title="bbox 0 0 1838 5475; baseline 0 1"><span class='ocrx_word' id='word_1_220' title='bbox 0 0 1838 5475; x_wconf 95' lang='lat' dir='ltr'><strong> </strong></span> 
     </span>
    </p>
   </div>
  </div>
 </body>
</html>
