<?xml version="1.0" encoding="UTF-8"?>
<!DOCTYPE html PUBLIC "-//W3C//DTD XHTML 1.0 Transitional//EN"
    "http://www.w3.org/TR/xhtml1/DTD/xhtml1-transitional.dtd">
<html xmlns="http://www.w3.org/1999/xhtml" xml:lang="en" lang="en">
 <head>
  <title>
</title>
<meta http-equiv="Content-Type" content="text/html;charset=utf-8" />
  <meta name='ocr-system' content='tesseract 3.04.00' />
  <meta name='ocr-capabilities' content='ocr_page ocr_carea ocr_par ocr_line ocrx_word'/>
</head>
<body>
  <div class='ocr_page' id='page_1' title='image "./operaomnianuncp03johngoog_0134.png"; bbox 0 0 3667 5475; ppageno 0'>
   <div class='ocr_carea' id='block_1_1' title="bbox 435 778 1387 857">
    <p class='ocr_par' dir='ltr' id='par_1_1' title="bbox 435 778 1387 857">
     <span class='ocr_line' id='line_1_1' title="bbox 435 778 1387 857; baseline -0.003 -11"><span class='ocrx_word' id='word_1_1' title='bbox 435 788 495 846; x_wconf 76' lang='lat'><strong>114</strong></span> <span class='ocrx_word' id='word_1_2' title='bbox 684 799 819 844; x_wconf 78' lang='lat' dir='ltr'><strong>maurus</strong></span> <span class='ocrx_word' id='word_1_3' title='bbox 835 796 1113 843; x_wconf 77' lang='lat' dir='ltr'><strong>sanasauurausu</strong></span> <span class='ocrx_word' id='word_1_4' title='bbox 1291 778 1337 857; x_wconf 76' lang='lat' dir='ltr'><strong>[a.</strong></span> <span class='ocrx_word' id='word_1_5' title='bbox 1355 800 1387 844; x_wconf 88' lang='lat' dir='ltr'><strong>n.</strong></span> 
     </span>
    </p>
   </div>
   <div class='ocr_carea' id='block_1_2' title="bbox 429 945 1390 1544">
    <p class='ocr_par' dir='ltr' id='par_1_2' title="bbox 429 945 1390 1544">
     <span class='ocr_line' id='line_1_2' title="bbox 431 945 1386 1032; baseline -0.005 -16"><span class='ocrx_word' id='word_1_6' title='bbox 431 964 527 1025; x_wconf 88' lang='lat' dir='ltr'><strong>tores,</strong></span> <span class='ocrx_word' id='word_1_7' title='bbox 557 962 588 1014; x_wconf 89' lang='lat' dir='ltr'><strong>et</strong></span> <span class='ocrx_word' id='word_1_8' title='bbox 628 949 700 1013; x_wconf 86' lang='lat' dir='ltr'><strong>licet</strong></span> <span class='ocrx_word' id='word_1_9' title='bbox 733 949 969 1032; x_wconf 83' lang='lat' dir='ltr'><strong>Mandrogerus</strong></span> <span class='ocrx_word' id='word_1_10' title='bbox 997 947 1157 1030; x_wconf 81' lang='lat' dir='ltr'><strong>grunniat,</strong></span> <span class='ocrx_word' id='word_1_11' title='bbox 1188 945 1386 1011; x_wconf 85' lang='lat' dir='ltr'><strong>Trimalchio</strong></span> 
     </span>
     <span class='ocr_line' id='line_1_3' title="bbox 430 1046 1388 1131; baseline -0.004 -15"><span class='ocrx_word' id='word_1_12' title='bbox 430 1051 617 1131; x_wconf 83' lang='lat' dir='ltr'>intabescat,</span> <span class='ocrx_word' id='word_1_13' title='bbox 631 1050 732 1115; x_wconf 86' lang='lat' dir='ltr'><strong>rideat</strong></span> <span class='ocrx_word' id='word_1_14' title='bbox 749 1052 907 1129; x_wconf 82' lang='lat' dir='ltr'>Bromius,</span> <span class='ocrx_word' id='word_1_15' title='bbox 923 1063 954 1112; x_wconf 92' lang='lat' dir='ltr'><strong>et</strong></span> <span class='ocrx_word' id='word_1_16' title='bbox 971 1048 1212 1113; x_wconf 80' lang='lat' dir='ltr'><strong>Mercurialium</strong></span> <span class='ocrx_word' id='word_1_17' title='bbox 1233 1046 1388 1112; x_wconf 88' lang='lat' dir='ltr'><strong>clientum</strong></span> 
     </span>
     <span class='ocr_line' id='line_1_4' title="bbox 431 1148 1390 1236; baseline -0.005 -20"><span class='ocrx_word' id='word_1_18' title='bbox 431 1164 533 1216; x_wconf 71' lang='lat' dir='ltr'><strong>coetus</strong></span> <span class='ocrx_word' id='word_1_19' title='bbox 544 1151 622 1215; x_wconf 89' lang='lat' dir='ltr'><strong>mihi</strong></span> <span class='ocrx_word' id='word_1_20' title='bbox 633 1163 801 1236; x_wconf 82' lang='lat' dir='ltr'><strong>patronum</strong></span> <span class='ocrx_word' id='word_1_21' title='bbox 815 1149 995 1224; x_wconf 87' lang='lat' dir='ltr'><strong>subtrahat,</strong></span> <span class='ocrx_word' id='word_1_22' title='bbox 1008 1148 1055 1212; x_wconf 92' lang='lat' dir='ltr'><strong>vel</strong></span> <span class='ocrx_word' id='word_1_23' title='bbox 1069 1148 1239 1234; x_wconf 84' lang='lat' dir='ltr'><strong>Corydona</strong></span> <span class='ocrx_word' id='word_1_24' title='bbox 1250 1150 1390 1233; x_wconf 85' lang='lat' dir='ltr'><strong>patroci-</strong></span> 
     </span>
     <span class='ocr_line' id='line_1_5' title="bbox 430 1249 1389 1340; baseline -0.004 -23"><span class='ocrx_word' id='word_1_25' title='bbox 430 1266 526 1317; x_wconf 85' lang='lat' dir='ltr'><strong>nante</strong></span> <span class='ocrx_word' id='word_1_26' title='bbox 548 1252 690 1340; x_wconf 87' lang='lat' dir='ltr'><strong>adjutus‚</strong></span> <span class='ocrx_word' id='word_1_27' title='bbox 706 1275 768 1315; x_wconf 91' lang='lat' dir='ltr'><strong>nou</strong></span> <span class='ocrx_word' id='word_1_28' title='bbox 790 1251 995 1335; x_wconf 85' lang='lat' dir='ltr'><strong>subterfugio</strong></span> <span class='ocrx_word' id='word_1_29' title='bbox 1016 1249 1202 1314; x_wconf 88' lang='lat' dir='ltr'><strong>venerabilis</strong></span> <span class='ocrx_word' id='word_1_30' title='bbox 1217 1249 1389 1314; x_wconf 87' lang='lat' dir='ltr'><strong>tribunalis</strong></span> 
     </span>
     <span class='ocr_line' id='line_1_6' title="bbox 429 1351 1387 1440; baseline -0.004 -21"><span class='ocrx_word' id='word_1_31' title='bbox 429 1378 573 1420; x_wconf 85' lang='lat' dir='ltr'><strong>examen.</strong></span> <span class='ocrx_word' id='word_1_32' title='bbox 604 1357 714 1418; x_wconf 90' lang='lat' dir='ltr'><strong>Tuum</strong></span> <span class='ocrx_word' id='word_1_33' title='bbox 728 1355 922 1440; x_wconf 88' lang='lat' dir='ltr'><strong>quandoque</strong></span> <span class='ocrx_word' id='word_1_34' title='bbox 933 1352 1091 1439; x_wconf 88' lang='lat' dir='ltr'><strong>judicium</strong></span> <span class='ocrx_word' id='word_1_35' title='bbox 1105 1375 1166 1416; x_wconf 91' lang='lat' dir='ltr'><strong>non</strong></span> <span class='ocrx_word' id='word_1_36' title='bbox 1182 1351 1387 1429; x_wconf 86' lang='lat' dir='ltr'><strong>declinarem,</strong></span> 
     </span>
     <span class='ocr_line' id='line_1_7' title="bbox 431 1454 1320 1544; baseline -0.006 -22"><span class='ocrx_word' id='word_1_37' title='bbox 431 1458 489 1544; x_wconf 91' lang='lat' dir='ltr'><strong>qui</strong></span> <span class='ocrx_word' id='word_1_38' title='bbox 504 1481 554 1522; x_wconf 92' lang='lat' dir='ltr'><strong>me</strong></span> <span class='ocrx_word' id='word_1_39' title='bbox 569 1457 764 1544; x_wconf 83' lang='lat' dir='ltr'><strong>quandoque</strong></span> <span class='ocrx_word' id='word_1_40' title='bbox 779 1456 945 1519; x_wconf 83' lang='lat' dir='ltr'><strong>amabilem</strong></span> <span class='ocrx_word' id='word_1_41' title='bbox 962 1454 1136 1530; x_wconf 81' lang='lat' dir='ltr'><strong>credidisti,</strong></span> <span class='ocrx_word' id='word_1_42' title='bbox 1153 1466 1184 1518; x_wconf 91' lang='lat' dir='ltr'><strong>et</strong></span> <span class='ocrx_word' id='word_1_43' title='bbox 1199 1475 1320 1535; x_wconf 87' lang='lat' dir='ltr'><strong>revera,</strong></span> 
     </span>
    </p>
   </div>
   <div class='ocr_carea' id='block_1_3' title="bbox 573 1578 1228 1650">
    <p class='ocr_par' dir='ltr' id='par_1_3' title="bbox 573 1578 1228 1650">
     <span class='ocr_line' id='line_1_8' title="bbox 573 1578 1228 1650; baseline 0.002 -17"><span class='ocrx_word' id='word_1_44' title='bbox 573 1582 662 1645; x_wconf 88' lang='lat' dir='ltr'><strong>Eram,</strong></span> <span class='ocrx_word' id='word_1_45' title='bbox 676 1582 720 1650; x_wconf 82' lang='lat' dir='ltr'><strong>(ut</strong></span> <span class='ocrx_word' id='word_1_46' title='bbox 732 1579 878 1643; x_wconf 80' lang='lat' dir='ltr'><strong>dicebatur)</strong></span> <span class='ocrx_word' id='word_1_47' title='bbox 890 1583 950 1630; x_wconf 86' lang='lat' dir='ltr'><strong>tunc</strong></span> <span class='ocrx_word' id='word_1_48' title='bbox 962 1578 1057 1645; x_wconf 80' lang='lat' dir='ltr'><strong>diguus</strong></span> <span class='ocrx_word' id='word_1_49' title='bbox 1068 1580 1158 1630; x_wconf 85' lang='lat' dir='ltr'><strong>amari.</strong></span> <span class='ocrx_word' id='word_1_50' title='bbox 1225 1630 1228 1634; x_wconf 89' lang='lat'>.</span> 
     </span>
    </p>
   </div>
   <div class='ocr_carea' id='block_1_4' title="bbox 429 1695 1391 3924">
    <p class='ocr_par' dir='ltr' id='par_1_4' title="bbox 429 1695 1389 2479">
     <span class='ocr_line' id='line_1_9' title="bbox 432 1695 1388 1784; baseline -0.003 -22"><span class='ocrx_word' id='word_1_51' title='bbox 432 1698 527 1775; x_wconf 76' lang='lat' dir='ltr'><strong>Quod</strong></span> <span class='ocrx_word' id='word_1_52' title='bbox 557 1712 664 1762; x_wconf 90' lang='lat' dir='ltr'><strong>autem</strong></span> <span class='ocrx_word' id='word_1_53' title='bbox 698 1720 783 1760; x_wconf 90' lang='lat' dir='ltr'><strong>nunc</strong></span> <span class='ocrx_word' id='word_1_54' title='bbox 813 1695 948 1774; x_wconf 90' lang='lat' dir='ltr'><strong>declino,</strong></span> <span class='ocrx_word' id='word_1_55' title='bbox 975 1696 1033 1760; x_wconf 92' lang='lat' dir='ltr'><strong>tibi</strong></span> <span class='ocrx_word' id='word_1_56' title='bbox 1066 1695 1302 1781; x_wconf 89' lang='lat' dir='ltr'><strong>imputandum,</strong></span> <span class='ocrx_word' id='word_1_57' title='bbox 1330 1697 1388 1784; x_wconf 90' lang='lat' dir='ltr'><strong>qui</strong></span> 
     </span>
     <span class='ocr_line' id='line_1_10' title="bbox 429 1792 1389 1884; baseline -0.006 -21"><span class='ocrx_word' id='word_1_58' title='bbox 429 1799 542 1863; x_wconf 61' lang='lat' dir='ltr'><strong>&#39;laciem</strong></span> <span class='ocrx_word' id='word_1_59' title='bbox 570 1819 713 1884; x_wconf 82' lang='lat' dir='ltr'><strong>personae</strong></span> <span class='ocrx_word' id='word_1_60' title='bbox 735 1792 913 1870; x_wconf 88' lang='lat' dir='ltr'><strong>attendens,</strong></span> <span class='ocrx_word' id='word_1_61' title='bbox 935 1814 1072 1857; x_wconf 90' lang='lat' dir='ltr'><strong>amorem</strong></span> <span class='ocrx_word' id='word_1_62' title='bbox 1096 1815 1213 1856; x_wconf 87' lang='lat' dir='ltr'><strong>novum</strong></span> <span class='ocrx_word' id='word_1_63' title='bbox 1238 1793 1389 1857; x_wconf 80' lang='lat' dir='ltr'><strong>amicitiae</strong></span> 
     </span>
     <span class='ocr_line' id='line_1_11' title="bbox 432 1892 1388 1984; baseline -0.003 -24"><span class='ocrx_word' id='word_1_64' title='bbox 432 1898 531 1964; x_wconf 89' lang='lat' dir='ltr'><strong>veteri</strong></span> <span class='ocrx_word' id='word_1_65' title='bbox 554 1896 734 1984; x_wconf 72' lang='lat' dir='ltr'><strong>praetulisti.</strong></span> <span class='ocrx_word' id='word_1_66' title='bbox 779 1894 861 1957; x_wconf 89' lang='lat' dir='ltr'><strong>Nam</strong></span> <span class='ocrx_word' id='word_1_67' title='bbox 882 1895 971 1978; x_wconf 92' lang='lat' dir='ltr'><strong>quod</strong></span> <span class='ocrx_word' id='word_1_68' title='bbox 992 1893 1033 1956; x_wconf 92' lang='lat' dir='ltr'><strong>ad</strong></span> <span class='ocrx_word' id='word_1_69' title='bbox 1055 1916 1116 1969; x_wconf 89' lang='lat' dir='ltr'><strong>me,</strong></span> <span class='ocrx_word' id='word_1_70' title='bbox 1132 1892 1215 1957; x_wconf 91' lang='lat' dir='ltr'><strong>idem</strong></span> <span class='ocrx_word' id='word_1_71' title='bbox 1238 1916 1309 1957; x_wconf 92' lang='lat' dir='ltr'><strong>sum</strong></span> <span class='ocrx_word' id='word_1_72' title='bbox 1331 1894 1388 1981; x_wconf 92' lang='lat' dir='ltr'><strong>qui</strong></span> 
     </span>
     <span class='ocr_line' id='line_1_12' title="bbox 431 1991 1388 2083; baseline -0.005 -21"><span class='ocrx_word' id='word_1_73' title='bbox 431 1999 567 2075; x_wconf 90' lang='lat' dir='ltr'><strong>fueram,</strong></span> <span class='ocrx_word' id='word_1_74' title='bbox 582 1996 728 2083; x_wconf 92' lang='lat' dir='ltr'><strong>possideo</strong></span> <span class='ocrx_word' id='word_1_75' title='bbox 743 1992 816 2080; x_wconf 95' lang='lat' dir='ltr'><strong>plus</strong></span> <span class='ocrx_word' id='word_1_76' title='bbox 837 2016 934 2079; x_wconf 91' lang='lat' dir='ltr'><strong>quam</strong></span> <span class='ocrx_word' id='word_1_77' title='bbox 950 2015 1008 2055; x_wconf 93' lang='lat' dir='ltr'><strong>nos</strong></span> <span class='ocrx_word' id='word_1_78' title='bbox 1029 1992 1094 2057; x_wconf 92' lang='lat' dir='ltr'><strong>duo</strong></span> <span class='ocrx_word' id='word_1_79' title='bbox 1111 1991 1244 2057; x_wconf 90' lang='lat' dir='ltr'><strong>Pruvini</strong></span> <span class='ocrx_word' id='word_1_80' title='bbox 1268 1993 1388 2058; x_wconf 89' lang='lat' dir='ltr'><strong>habue-</strong></span> 
     </span>
     <span class='ocr_line' id='line_1_13' title="bbox 432 2094 1389 2182; baseline -0.004 -19"><span class='ocrx_word' id='word_1_81' title='bbox 432 2100 544 2163; x_wconf 85' lang='lat' dir='ltr'><strong>rimus.</strong></span> <span class='ocrx_word' id='word_1_82' title='bbox 561 2100 665 2162; x_wconf 89' lang='lat' dir='ltr'><strong>Canto</strong></span> <span class='ocrx_word' id='word_1_83' title='bbox 673 2096 803 2182; x_wconf 91' lang='lat' dir='ltr'><strong>quidem</strong></span> <span class='ocrx_word' id='word_1_84' title='bbox 815 2116 876 2157; x_wconf 90' lang='lat' dir='ltr'><strong>non</strong></span> <span class='ocrx_word' id='word_1_85' title='bbox 887 2094 1028 2158; x_wconf 89' lang='lat' dir='ltr'><strong>deterius</strong></span> <span class='ocrx_word' id='word_1_86' title='bbox 1037 2094 1141 2173; x_wconf 89' lang='lat' dir='ltr'><strong>solito,</strong></span> <span class='ocrx_word' id='word_1_87' title='bbox 1150 2107 1182 2158; x_wconf 88' lang='lat' dir='ltr'><strong>et</strong></span> <span class='ocrx_word' id='word_1_88' title='bbox 1193 2095 1389 2161; x_wconf 88' lang='lat' dir='ltr'><strong>dissimiliter</strong></span> 
     </span>
     <span class='ocr_line' id='line_1_14' title="bbox 434 2194 1308 2281; baseline -0.003 -19"><span class='ocrx_word' id='word_1_89' title='bbox 434 2196 722 2262; x_wconf 88' lang='lat' dir='ltr'><strong>Saresberiensibus</strong></span> <span class='ocrx_word' id='word_1_90' title='bbox 736 2194 858 2270; x_wconf 90' lang='lat' dir='ltr'><strong>multis,</strong></span> <span class='ocrx_word' id='word_1_91' title='bbox 873 2196 932 2258; x_wconf 88' lang='lat' dir='ltr'><strong>etsi</strong></span> <span class='ocrx_word' id='word_1_92' title='bbox 947 2194 1060 2281; x_wconf 89' lang='lat' dir='ltr'><strong>optimi</strong></span> <span class='ocrx_word' id='word_1_93' title='bbox 1075 2207 1218 2259; x_wconf 84' lang='lat' dir='ltr'><strong>cantores</strong></span> <span class='ocrx_word' id='word_1_94' title='bbox 1233 2195 1308 2270; x_wconf 84' lang='lat' dir='ltr'><strong>sint,</strong></span> 
     </span>
     <span class='ocr_line' id='line_1_15' title="bbox 482 2298 1326 2403; baseline 0.007 -30"><span class='ocrx_word' id='word_1_95' title='bbox 482 2394 487 2403; x_wconf 74' lang='lat'><em>‚</em></span> <span class='ocrx_word' id='word_1_96' title='bbox 503 2322 562 2374; x_wconf 87' lang='lat' dir='ltr'><strong>Nec</strong></span> <span class='ocrx_word' id='word_1_97' title='bbox 573 2340 630 2375; x_wconf 85' lang='lat' dir='ltr'><strong>sum</strong></span> <span class='ocrx_word' id='word_1_98' title='bbox 642 2323 707 2375; x_wconf 86' lang='lat' dir='ltr'><strong>adeo</strong></span> <span class='ocrx_word' id='word_1_99' title='bbox 718 2321 841 2385; x_wconf 86' lang='lat' dir='ltr'><strong>informis,</strong></span> <span class='ocrx_word' id='word_1_100' title='bbox 853 2322 953 2394; x_wconf 90' lang='lat' dir='ltr'><strong>pridem</strong></span> <span class='ocrx_word' id='word_1_101' title='bbox 964 2298 1006 2373; x_wconf 85' lang='lat' dir='ltr'><strong>me</strong></span> <span class='ocrx_word' id='word_1_102' title='bbox 1016 2321 1044 2372; x_wconf 88' lang='lat' dir='ltr'><strong>in</strong></span> <span class='ocrx_word' id='word_1_103' title='bbox 1054 2320 1142 2373; x_wconf 87' lang='lat' dir='ltr'><strong>littore</strong></span> <span class='ocrx_word' id='word_1_104' title='bbox 1153 2322 1206 2373; x_wconf 92' lang='lat' dir='ltr'><strong>vidi</strong></span> <span class='ocrx_word' id='word_1_105' title='bbox 1219 2322 1326 2380; x_wconf 78' lang='lat' dir='ltr'><strong>Pisano.</strong></span> 
     </span>
     <span class='ocr_line' id='line_1_16' title="bbox 503 2406 1017 2479; baseline -0.004 -20"><span class='ocrx_word' id='word_1_106' title='bbox 503 2408 593 2469; x_wconf 89' lang='lat' dir='ltr'><strong>Quum</strong></span> <span class='ocrx_word' id='word_1_107' title='bbox 604 2406 733 2479; x_wconf 85' lang='lat' dir='ltr'><strong>placidum</strong></span> <span class='ocrx_word' id='word_1_108' title='bbox 745 2407 831 2459; x_wconf 87' lang='lat' dir='ltr'><strong>ventis</strong></span> <span class='ocrx_word' id='word_1_109' title='bbox 843 2411 926 2458; x_wconf 86' lang='lat' dir='ltr'><strong>staret</strong></span> <span class='ocrx_word' id='word_1_110' title='bbox 938 2424 1017 2459; x_wconf 88' lang='lat' dir='ltr'><strong>mare.</strong></span> 
     </span>
    </p>

    <p class='ocr_par' dir='ltr' id='par_1_5' title="bbox 432 2516 1391 3924">
     <span class='ocr_line' id='line_1_17' title="bbox 433 2516 1387 2605; baseline 0.001 -21"><span class='ocrx_word' id='word_1_111' title='bbox 433 2520 560 2584; x_wconf 80' lang='lat' dir='ltr'><strong>Caetera</strong></span> <span class='ocrx_word' id='word_1_112' title='bbox 579 2518 767 2582; x_wconf 76' lang='lat' dir='ltr'><strong>familiarius</strong></span> <span class='ocrx_word' id='word_1_113' title='bbox 788 2520 821 2581; x_wconf 93' lang='lat' dir='ltr'><strong>in</strong></span> <span class='ocrx_word' id='word_1_114' title='bbox 842 2538 919 2580; x_wconf 89' lang='lat' dir='ltr'><strong>aure</strong></span> <span class='ocrx_word' id='word_1_115' title='bbox 941 2530 973 2581; x_wconf 90' lang='lat' dir='ltr'><strong>et</strong></span> <span class='ocrx_word' id='word_1_116' title='bbox 992 2540 1047 2580; x_wconf 92' lang='lat' dir='ltr'><strong>ore</strong></span> <span class='ocrx_word' id='word_1_117' title='bbox 1066 2516 1196 2605; x_wconf 88' lang='lat' dir='ltr'><strong>judicis,</strong></span> <span class='ocrx_word' id='word_1_118' title='bbox 1210 2520 1262 2592; x_wconf 88' lang='lat' dir='ltr'><strong>cui</strong></span> <span class='ocrx_word' id='word_1_119' title='bbox 1278 2520 1387 2592; x_wconf 85' lang='lat' dir='ltr'><strong>cadam</strong></span> 
     </span>
     <span class='ocr_line' id='line_1_18' title="bbox 432 2616 1387 2708; baseline 0.005 -26"><span class='ocrx_word' id='word_1_120' title='bbox 432 2633 488 2683; x_wconf 94' lang='lat' dir='ltr'><strong>aut</strong></span> <span class='ocrx_word' id='word_1_121' title='bbox 504 2620 606 2698; x_wconf 90' lang='lat' dir='ltr'><strong>stabo,</strong></span> <span class='ocrx_word' id='word_1_122' title='bbox 623 2619 781 2683; x_wconf 83' lang='lat' dir='ltr'><strong>revolvam</strong></span> <span class='ocrx_word' id='word_1_123' title='bbox 806 2616 933 2703; x_wconf 88' lang='lat' dir='ltr'><strong>plenius</strong></span> <span class='ocrx_word' id='word_1_124' title='bbox 955 2631 987 2682; x_wconf 92' lang='lat' dir='ltr'><strong>et</strong></span> <span class='ocrx_word' id='word_1_125' title='bbox 1009 2617 1163 2696; x_wconf 87' lang='lat' dir='ltr'><strong>evolvam,</strong></span> <span class='ocrx_word' id='word_1_126' title='bbox 1179 2635 1212 2686; x_wconf 91' lang='lat' dir='ltr'><strong>et</strong></span> <span class='ocrx_word' id='word_1_127' title='bbox 1232 2634 1268 2689; x_wconf 90' lang='lat' dir='ltr'><strong>ut</strong></span> <span class='ocrx_word' id='word_1_128' title='bbox 1283 2621 1387 2708; x_wconf 90' lang='lat' dir='ltr'><strong>ipsius</strong></span> 
     </span>
     <span class='ocr_line' id='line_1_19' title="bbox 432 2714 1388 2808; baseline 0.003 -23"><span class='ocrx_word' id='word_1_129' title='bbox 432 2720 573 2787; x_wconf 89' lang='lat' dir='ltr'><strong>dictante</strong></span> <span class='ocrx_word' id='word_1_130' title='bbox 593 2720 749 2786; x_wconf 87' lang='lat' dir='ltr'><strong>sententia</strong></span> <span class='ocrx_word' id='word_1_131' title='bbox 770 2719 869 2785; x_wconf 86' lang='lat' dir='ltr'><strong>amice</strong></span> <span class='ocrx_word' id='word_1_132' title='bbox 890 2718 1020 2783; x_wconf 88' lang='lat' dir='ltr'><strong>licenter</strong></span> <span class='ocrx_word' id='word_1_133' title='bbox 1043 2722 1232 2807; x_wconf 86' lang='lat' dir='ltr'><strong>scripserim,</strong></span> <span class='ocrx_word' id='word_1_134' title='bbox 1249 2733 1281 2787; x_wconf 85' lang='lat' dir='ltr'><strong>et</strong></span> <span class='ocrx_word' id='word_1_135' title='bbox 1304 2714 1388 2808; x_wconf 84' lang='lat' dir='ltr'><strong>seip-</strong></span> 
     </span>
     <span class='ocr_line' id='line_1_20' title="bbox 433 2822 1389 2912; baseline 0.002 -23"><span class='ocrx_word' id='word_1_136' title='bbox 433 2847 502 2889; x_wconf 89' lang='lat' dir='ltr'><strong>sum</strong></span> <span class='ocrx_word' id='word_1_137' title='bbox 512 2823 780 2911; x_wconf 87' lang='lat' dir='ltr'><strong>qualemcumque</strong></span> <span class='ocrx_word' id='word_1_138' title='bbox 791 2823 979 2886; x_wconf 83' lang='lat' dir='ltr'><strong>seutentiam</strong></span> <span class='ocrx_word' id='word_1_139' title='bbox 991 2822 1134 2902; x_wconf 87' lang='lat' dir='ltr'><strong>sentiam,</strong></span> <span class='ocrx_word' id='word_1_140' title='bbox 1144 2825 1389 2912; x_wconf 89' lang='lat' dir='ltr'><strong>appellationem</strong></span> 
     </span>
     <span class='ocr_line' id='line_1_21' title="bbox 436 2924 1391 3014; baseline 0.003 -26"><span class='ocrx_word' id='word_1_141' title='bbox 436 2948 538 2989; x_wconf 84' lang='lat' dir='ltr'><strong>meam</strong></span> <span class='ocrx_word' id='word_1_142' title='bbox 555 2926 664 2991; x_wconf 88' lang='lat' dir='ltr'><strong>audiet</strong></span> <span class='ocrx_word' id='word_1_143' title='bbox 680 2925 798 3002; x_wconf 90' lang='lat' dir='ltr'><strong>nullus,</strong></span> <span class='ocrx_word' id='word_1_144' title='bbox 811 2925 864 2989; x_wconf 91' lang='lat' dir='ltr'><strong>sed</strong></span> <span class='ocrx_word' id='word_1_145' title='bbox 881 2924 985 2988; x_wconf 85' lang='lat' dir='ltr'><strong>modis</strong></span> <span class='ocrx_word' id='word_1_146' title='bbox 995 2926 1141 2989; x_wconf 91' lang='lat' dir='ltr'><strong>omnibus</strong></span> <span class='ocrx_word' id='word_1_147' title='bbox 1155 2949 1283 3014; x_wconf 89' lang='lat' dir='ltr'><strong>operam</strong></span> <span class='ocrx_word' id='word_1_148' title='bbox 1295 2929 1391 3009; x_wconf 90' lang='lat' dir='ltr'><strong>dabo,</strong></span> 
     </span>
     <span class='ocr_line' id='line_1_22' title="bbox 434 3027 1390 3115; baseline 0.007 -26"><span class='ocrx_word' id='word_1_149' title='bbox 434 3038 471 3090; x_wconf 91' lang='lat' dir='ltr'><strong>ut</strong></span> <span class='ocrx_word' id='word_1_150' title='bbox 486 3039 609 3113; x_wconf 85' lang='lat' dir='ltr'><strong>partem</strong></span> <span class='ocrx_word' id='word_1_151' title='bbox 625 3050 756 3112; x_wconf 83' lang='lat' dir='ltr'><strong>gravem</strong></span> <span class='ocrx_word' id='word_1_152' title='bbox 770 3027 961 3111; x_wconf 90' lang='lat' dir='ltr'><strong>oppositam,</strong></span> <span class='ocrx_word' id='word_1_153' title='bbox 977 3039 1145 3112; x_wconf 87' lang='lat' dir='ltr'><strong>antequam</strong></span> <span class='ocrx_word' id='word_1_154' title='bbox 1162 3030 1203 3094; x_wconf 88' lang='lat' dir='ltr'><strong>ab</strong></span> <span class='ocrx_word' id='word_1_155' title='bbox 1218 3031 1262 3094; x_wconf 92' lang='lat' dir='ltr'><strong>eis</strong></span> <span class='ocrx_word' id='word_1_156' title='bbox 1276 3054 1390 3115; x_wconf 86' lang='lat' dir='ltr'><strong>grave·</strong></span> 
     </span>
     <span class='ocr_line' id='line_1_23' title="bbox 434 3128 1389 3219; baseline 0.008 -28"><span class='ocrx_word' id='word_1_157' title='bbox 434 3128 522 3204; x_wconf 90' lang='lat' dir='ltr'><strong>mini,</strong></span> <span class='ocrx_word' id='word_1_158' title='bbox 538 3128 704 3216; x_wconf 87' lang='lat' dir='ltr'><strong>appellem.</strong></span> <span class='ocrx_word' id='word_1_159' title='bbox 739 3133 1006 3214; x_wconf 86' lang='lat' dir='ltr'><strong>Quantacumque</strong></span> <span class='ocrx_word' id='word_1_160' title='bbox 1025 3129 1066 3193; x_wconf 90' lang='lat' dir='ltr'><strong>sit</strong></span> <span class='ocrx_word' id='word_1_161' title='bbox 1081 3132 1254 3208; x_wconf 88' lang='lat' dir='ltr'><strong>concussio,</strong></span> <span class='ocrx_word' id='word_1_162' title='bbox 1271 3155 1389 3219; x_wconf 89' lang='lat' dir='ltr'><strong>nequa-</strong></span> 
     </span>
     <span class='ocr_line' id='line_1_24' title="bbox 433 3229 1390 3318; baseline 0.009 -26"><span class='ocrx_word' id='word_1_163' title='bbox 433 3253 530 3315; x_wconf 90' lang='lat' dir='ltr'><strong>quam</strong></span> <span class='ocrx_word' id='word_1_164' title='bbox 546 3254 584 3292; x_wconf 87' lang='lat' dir='ltr'><strong>ex</strong></span> <span class='ocrx_word' id='word_1_165' title='bbox 608 3229 773 3314; x_wconf 87' lang='lat' dir='ltr'><strong>proposito</strong></span> <span class='ocrx_word' id='word_1_166' title='bbox 787 3253 857 3292; x_wconf 91' lang='lat' dir='ltr'><strong>meo</strong></span> <span class='ocrx_word' id='word_1_167' title='bbox 872 3231 912 3293; x_wconf 88' lang='lat' dir='ltr'><strong>ad</strong></span> <span class='ocrx_word' id='word_1_168' title='bbox 934 3254 1025 3294; x_wconf 87' lang='lat' dir='ltr'><strong>aures</strong></span> <span class='ocrx_word' id='word_1_169' title='bbox 1040 3232 1183 3296; x_wconf 86' lang='lat' dir='ltr'><strong>extranei</strong></span> <span class='ocrx_word' id='word_1_170' title='bbox 1199 3235 1390 3318; x_wconf 75' lang='lat' dir='ltr'><strong>perferetur.</strong></span> 
     </span>
     <span class='ocr_line' id='line_1_25' title="bbox 435 3322 1388 3417; baseline 0.012 -28"><span class='ocrx_word' id='word_1_171' title='bbox 435 3328 530 3403; x_wconf 83' lang='lat' dir='ltr'><strong>Quod</strong></span> <span class='ocrx_word' id='word_1_172' title='bbox 546 3329 572 3392; x_wconf 92' lang='lat' dir='ltr'><strong>si</strong></span> <span class='ocrx_word' id='word_1_173' title='bbox 594 3329 759 3394; x_wconf 90' lang='lat' dir='ltr'><strong>Walterus</strong></span> <span class='ocrx_word' id='word_1_174' title='bbox 774 3329 883 3394; x_wconf 87' lang='lat' dir='ltr'><strong>adesse</strong></span> <span class='ocrx_word' id='word_1_175' title='bbox 905 3330 1096 3416; x_wconf 86' lang='lat' dir='ltr'><strong>nequiverit,</strong></span> <span class='ocrx_word' id='word_1_176' title='bbox 1112 3355 1171 3417; x_wconf 88' lang='lat' dir='ltr'><strong>ego</strong></span> <span class='ocrx_word' id='word_1_177' title='bbox 1192 3357 1265 3399; x_wconf 90' lang='lat' dir='ltr'><strong>eum</strong></span> <span class='ocrx_word' id='word_1_178' title='bbox 1282 3322 1388 3408; x_wconf 80' lang='lat' dir='ltr'><strong>tecum</strong></span> 
     </span>
     <span class='ocr_line' id='line_1_26' title="bbox 434 3427 1389 3519; baseline 0.01 -29"><span class='ocrx_word' id='word_1_179' title='bbox 434 3427 527 3491; x_wconf 85' lang='lat' dir='ltr'><strong>facile</strong></span> <span class='ocrx_word' id='word_1_180' title='bbox 556 3428 665 3493; x_wconf 88' lang='lat' dir='ltr'><strong>abesse</strong></span> <span class='ocrx_word' id='word_1_181' title='bbox 699 3429 901 3506; x_wconf 87' lang='lat' dir='ltr'><strong>consentiam,</strong></span> <span class='ocrx_word' id='word_1_182' title='bbox 933 3431 993 3496; x_wconf 89' lang='lat' dir='ltr'><strong>nisi</strong></span> <span class='ocrx_word' id='word_1_183' title='bbox 1030 3446 1134 3516; x_wconf 87' lang='lat' dir='ltr'><strong>partes</strong></span> <span class='ocrx_word' id='word_1_184' title='bbox 1169 3434 1389 3519; x_wconf 79' lang='lat' dir='ltr'><strong>suffragatoris</strong></span> 
     </span>
     <span class='ocr_line' id='line_1_27' title="bbox 432 3528 1389 3624; baseline 0.01 -32"><span class='ocrx_word' id='word_1_185' title='bbox 432 3528 564 3616; x_wconf 91' lang='lat' dir='ltr'><strong>implere</strong></span> <span class='ocrx_word' id='word_1_186' title='bbox 580 3531 735 3596; x_wconf 88' lang='lat' dir='ltr'><strong>maluerit.</strong></span> <span class='ocrx_word' id='word_1_187' title='bbox 764 3531 904 3597; x_wconf 87' lang='lat' dir='ltr'><strong>Salutem</strong></span> <span class='ocrx_word' id='word_1_188' title='bbox 921 3556 997 3618; x_wconf 87' lang='lat' dir='ltr'><strong>ergo</strong></span> <span class='ocrx_word' id='word_1_189' title='bbox 1012 3535 1140 3612; x_wconf 88' lang='lat' dir='ltr'><strong>habeas,</strong></span> <span class='ocrx_word' id='word_1_190' title='bbox 1156 3548 1188 3600; x_wconf 91' lang='lat' dir='ltr'><strong>et</strong></span> <span class='ocrx_word' id='word_1_191' title='bbox 1205 3536 1389 3624; x_wconf 89' lang='lat' dir='ltr'><strong>meipsum,</strong></span> 
     </span>
     <span class='ocr_line' id='line_1_28' title="bbox 434 3630 1388 3716; baseline 0.007 -22"><span class='ocrx_word' id='word_1_192' title='bbox 434 3644 465 3695; x_wconf 92' lang='lat' dir='ltr'><strong>et</strong></span> <span class='ocrx_word' id='word_1_193' title='bbox 490 3632 576 3716; x_wconf 92' lang='lat' dir='ltr'><strong>quod</strong></span> <span class='ocrx_word' id='word_1_194' title='bbox 594 3630 731 3696; x_wconf 90' lang='lat' dir='ltr'><strong>volueris</strong></span> <span class='ocrx_word' id='word_1_195' title='bbox 753 3633 923 3698; x_wconf 90' lang='lat' dir='ltr'><strong>rescribas:</strong></span> <span class='ocrx_word' id='word_1_196' title='bbox 955 3633 1000 3697; x_wconf 92' lang='lat' dir='ltr'><strong>ita</strong></span> <span class='ocrx_word' id='word_1_197' title='bbox 1022 3647 1126 3699; x_wconf 89' lang='lat' dir='ltr'><strong>tamen</strong></span> <span class='ocrx_word' id='word_1_198' title='bbox 1150 3648 1186 3699; x_wconf 90' lang='lat' dir='ltr'><strong>ut</strong></span> <span class='ocrx_word' id='word_1_199' title='bbox 1209 3638 1388 3703; x_wconf 90' lang='lat' dir='ltr'><strong>autminus</strong></span> 
     </span>
     <span class='ocr_line' id='line_1_29' title="bbox 434 3733 1388 3819; baseline 0.009 -23"><span class='ocrx_word' id='word_1_200' title='bbox 434 3748 578 3819; x_wconf 88' lang='lat' dir='ltr'><strong>acceptes</strong></span> <span class='ocrx_word' id='word_1_201' title='bbox 598 3733 752 3810; x_wconf 88' lang='lat' dir='ltr'><strong>oblatum,</strong></span> <span class='ocrx_word' id='word_1_202' title='bbox 768 3747 825 3799; x_wconf 90' lang='lat' dir='ltr'><strong>aut</strong></span> <span class='ocrx_word' id='word_1_203' title='bbox 844 3733 992 3813; x_wconf 90' lang='lat' dir='ltr'><strong>electum,</strong></span> <span class='ocrx_word' id='word_1_204' title='bbox 1008 3735 1086 3801; x_wconf 90' lang='lat' dir='ltr'><strong>dum</strong></span> <span class='ocrx_word' id='word_1_205' title='bbox 1108 3750 1142 3803; x_wconf 88' lang='lat' dir='ltr'><strong>tu</strong></span> <span class='ocrx_word' id='word_1_206' title='bbox 1163 3739 1258 3817; x_wconf 89' lang='lat' dir='ltr'><strong>absis,</strong></span> <span class='ocrx_word' id='word_1_207' title='bbox 1274 3741 1388 3806; x_wconf 91' lang='lat' dir='ltr'><strong>subeat</strong></span> 
     </span>
     <span class='ocr_line' id='line_1_30' title="bbox 435 3833 826 3924; baseline 0.008 -28"><span class='ocrx_word' id='word_1_208' title='bbox 435 3833 562 3900; x_wconf 88' lang='lat' dir='ltr'><strong>devotio</strong></span> <span class='ocrx_word' id='word_1_209' title='bbox 576 3859 646 3900; x_wconf 91' lang='lat' dir='ltr'><strong>mea</strong></span> <span class='ocrx_word' id='word_1_210' title='bbox 657 3835 826 3924; x_wconf 90' lang='lat' dir='ltr'><strong>judicium.</strong></span> 
     </span>
    </p>
   </div>
   <div class='ocr_carea' id='block_1_5' title="bbox 0 0 1840 5475">
    <p class='ocr_par' dir='ltr' id='par_1_6' title="bbox 0 0 1840 5475">
     <span class='ocr_line' id='line_1_31' title="bbox 0 0 1840 5475; baseline 0 0"><span class='ocrx_word' id='word_1_211' title='bbox 0 0 1840 5475; x_wconf 95' lang='lat' dir='ltr'><strong> </strong></span> 
     </span>
    </p>
   </div>
  </div>
 </body>
</html>
