3667 5475
443 779 483 834 76
700 786 836 831 ioannis
851 782 1129 830 sannsnnnrnums
1306 769 1353 849 [Α.
1371 788 1403 833 n.

441 941 523 1004 enim
541 939 674 1003 thronus
687 937 720 999 in
735 958 807 999 eum
821 936 930 1018 vigore
945 934 1046 997 solido
1059 936 1236 1012 roboratur,
1249 939 1311 1024 qui
1328 951 1401 1002 tan·

442 1056 546 1105 tarum
560 1041 714 1103 virtutum
731 1037 845 1100 nititur
861 1036 1085 1102 fundamentis.
1126 1041 1207 1102 Haec
1216 1039 1250 1101 in
1260 1040 1399 1105 auribus

441 1140 861 1225 vestriacrebrorepetimus,
871 1162 908 1201 eo
921 1138 1007 1222 quod
1018 1152 1142 1204 constat
1153 1141 1256 1226 ipsam
1267 1155 1402 1227 gratam

439 1267 507 1307 esse
521 1242 646 1306 auditui
666 1254 789 1305 vestro:
813 1253 845 1304 et
861 1240 943 1304 sicut
960 1240 990 1302 in
1013 1261 1108 1324 opere
1130 1242 1276 1315 clariora,
1293 1244 1341 1307 ita
1355 1267 1396 1306 ex

440 1368 501 1409 usu
523 1344 682 1430 frequenti
705 1341 862 1427 majestati
886 1354 999 1406 vestra
1014 1342 1156 1426 gratiora
1170 1356 1256 1407 sunt.
1304 1346 1398 1408 Dum

438 1447 471 1509 in
502 1446 551 1509 his
581 1457 684 1508 vestra
712 1457 857 1508 versatur
885 1441 1033 1522 intentio,
1062 1444 1340 1529 prosperabuntur
1362 1446 1397 1508 in

442 1547 591 1623 Domino,
615 1559 645 1610 et
669 1546 699 1609 in
731 1545 829 1610 totius
857 1544 970 1607 mundi
993 1544 1095 1629 gloria
1123 1566 1252 1627 gressus
1282 1546 1396 1612 vestri.

440 1650 522 1713 Nam
545 1663 577 1714 et
600 1650 659 1713 hoc
683 1650 880 1726 Sanctorum,
902 1669 1039 1732 quorum
1070 1647 1173 1732 quieti
1195 1649 1395 1735 prospicitis,

439 1751 589 1836 suffragia
618 1750 845 1836 impetrabunt.
911 1749 1075 1813 Incumbit
1105 1750 1305 1815 orationibus
1335 1775 1395 1837 pro

439 1853 528 1917 vobis
542 1852 582 1915 ad
599 1854 775 1916 Dominum
794 1851 1020 1914 monasterium
1038 1866 1155 1916 sanctae
1171 1853 1287 1917 Mariae
1305 1856 1395 1919 Eho-

438 1954 582 2025 racensis,
600 1953 686 2039 quod
703 1964 791 2016 tanto
813 1952 902 2016 vobis
916 1951 1098 2018 fiducialius
1118 1956 1393 2035 commendamus,

439 2069 562 2142 quanto
576 2080 615 2119 ex
631 2056 771 2119 omnium
796 2055 1034 2140 provincialium
1051 2057 1232 2121 testimonio
1251 2058 1345 2139 illud,
1358 2071 1392 2125 et

438 2181 522 2221 verae
533 2157 692 2242 religionis
701 2157 803 2231 cultu,
820 2171 852 2221 et
862 2156 914 2243 pia
929 2157 1098 2224 devotione
1113 2160 1146 2223 in
1160 2184 1216 2224 vos
1230 2173 1263 2225 et
1272 2161 1392 2226 liberos

440 2274 560 2325 vestros
575 2259 845 2323 commendatione
859 2259 988 2342 dignius
1002 2284 1069 2324 esse
1084 2261 1284 2329 confidimus.
1308 2268 1393 2329 Tur-

439 2362 528 2427 bavit
548 2384 656 2448 pacem
677 2361 747 2446 ejus
770 2361 903 2441 diutius,
919 2361 1000 2426 sicut
1016 2385 1075 2448 pro
1094 2378 1182 2429 certo
1197 2366 1391 2453 accepimus,

439 2464 537 2528 frater
565 2463 708 2550 quidam,
738 2464 794 2549 qui
823 2463 951 2527 tandem
981 2479 1115 2550 urgente
1145 2490 1177 2530 se
1209 2468 1329 2532 malitia
1359 2485 1394 2537 et

437 2565 566 2631 levitate
588 2590 724 2643 morum,
747 2565 834 2630 velut
854 2566 945 2651 palea
967 2567 1090 2631 inutilis
1105 2569 1145 2633 ab
1168 2592 1241 2633 area
1257 2571 1391 2636 Domini

436 2667 582 2733 avolavit.
629 2668 753 2733 Deinde
784 2682 919 2732 vestram
950 2668 1030 2733 adiit
1054 2671 1249 2756 majestatem
1281 2684 1319 2736 ut
1347 2697 1390 2738 ex

435 2797 472 2836 eo
487 2797 519 2836 se
534 2772 683 2838 odibilem
702 2773 840 2837 Domino
855 2772 1065 2847 convinceret,
1086 2775 1173 2858 quod
1196 2780 1388 2841 monasterio

433 2875 599 2941 detrahere
614 2899 675 2938 non
692 2875 833 2955 erubuit,
844 2886 876 2937 et
885 2888 996 2939 contra
1007 2875 1148 2958 regulam
1170 2875 1206 2940 B.
1220 2877 1389 2943 Benedicti

436 2977 637 3062 privilegium
660 2977 867 3062 delinquendi
887 2989 1020 3040 conatus
1046 2989 1094 3040 est
1117 2978 1301 3064 impetrare:
1327 3005 1389 3067 pro

433 3081 607 3142 reverentia
618 3091 723 3142 vestra
733 3082 903 3143 voluerunt
915 3103 986 3143 eum
999 3082 1137 3166 recipere
1149 3082 1264 3146 fratres
1274 3106 1387 3148 secun·

434 3179 511 3244 dum
526 3192 646 3244 statuta
658 3179 778 3242 ordinis
790 3181 848 3243 sui.
874 3184 921 3245 At
931 3181 1065 3266 ipsenon
1078 3181 1243 3268 adquievit
1252 3186 1386 3269 intrare,

436 3283 494 3345 nisi
508 3283 650 3364 ingressu
662 3284 731 3368 ejus
742 3282 821 3345 ordo
833 3285 1025 3349 monasticus
1037 3284 1222 3350 solveretur.
1259 3292 1387 3356 Vestrae

434 3384 543 3468 itaque
564 3383 759 3449 excellentiae
784 3388 998 3471 supplicamus
1014 3402 1048 3451 ut
1064 3387 1204 3473 ejusdem
1220 3389 1387 3472 religiosos

438 3485 497 3548 loci
520 3485 634 3549 fratres
655 3488 791 3572 benigne
807 3488 956 3564 audiatis,
980 3503 1011 3553 et
1027 3489 1073 3552 illi
1088 3492 1209 3573 negetis
1224 3493 1388 3574 auditum,

434 3591 489 3674 qui
506 3589 620 3650 fratres
636 3613 693 3673 pro
708 3591 799 3653 vohis
817 3591 936 3676 jugiter
950 3604 1075 3655 orantes
1092 3592 1204 3656 nititur
1218 3594 1386 3679 impedire.

432 3691 487 3754 Ad
504 3692 571 3754 haec
585 3712 710 3756 causam
726 3692 911 3757 universalis
928 3692 1068 3756 ecclesiae
1083 3707 1156 3756 ante
1172 3695 1268 3778 pedes
1290 3698 1385 3762 mise·

431 3795 576 3858 ricordiae
597 3809 709 3859 vestrae
729 3795 890 3880 provoluti
920 3795 1010 3858 vobis
1041 3797 1195 3859 attentius
1224 3821 1385 3864 commen-

431 3897 558 3962 damus:
576 3911 723 3981 rogantes
739 3897 914 3961 Dominum
926 3920 984 3983 pro
995 3897 1095 3972 nobis,
1113 3909 1144 3961 et
1160 3922 1215 3962 vos
1225 3902 1384 3983 provobis

431 4011 461 4061 et
485 3999 613 4061 ecclesia
637 4013 751 4074 vestra,
776 4022 815 4061 ne
837 3998 876 4062 ad
901 4022 1008 4085 preces
1030 4001 1228 4085 imperatoris
1258 4000 1384 4087 aliquid

430 4110 591 4160 statuatur
619 4121 638 4190 a
669 4098 768 4177 vobis,
799 4100 883 4164 unde
913 4102 1005 4166 furor
1035 4102 1212 4166 schismatis
1242 4103 1381 4189 amplius

433 4197 612 4262 invalescat.
