3667 5475
449 783 488 843 48
703 794 839 839 suanum
855 789 1134 837 saansaaarsnsrs
1310 775 1360 854 [a.
1377 794 1408 837 u.

446 946 549 1034 specie
564 943 692 1009 videtur
707 943 830 1007 induta.
876 945 1037 1036 Caeterum
1057 964 1158 1026 quum
1175 965 1216 1006 ex
1229 956 1302 1028 post
1318 944 1408 1010 iacto

445 1046 590 1113 diuturni
605 1044 721 1110 silentii
744 1066 840 1109 cansa
861 1044 954 1107 nobis
973 1041 1124 1121 innotuit,
1137 1064 1197 1128 pro
1218 1056 1308 1110 certo
1331 1068 1408 1131 cog-

444 1148 589 1214 novimus
603 1168 665 1211 non
679 1160 744 1212 tam
755 1145 901 1211 dilationi
913 1143 1037 1208 veniam
1049 1142 1291 1227 indulgendam,
1304 1167 1405 1231 quam

443 1249 615 1325 dilectioni,
631 1261 662 1315 et
679 1246 896 1325 sollicitudini,
911 1266 1007 1331 super
1022 1266 1098 1310 sano
1118 1245 1249 1310 consilio
1262 1247 1405 1331 gratiam

443 1348 650 1414 referendam.
696 1349 799 1413 Nemo
822 1347 848 1410 si
870 1345 999 1432 quidem
1021 1345 1156 1410 fratrum
1177 1359 1234 1411 aut
1254 1345 1404 1413 fidelium

443 1463 634 1529 nostrornm,
653 1450 710 1536 qui
733 1448 816 1512 circa
839 1470 895 1511 vos
917 1461 1004 1525 sunt,
1024 1460 1145 1513 tautam
1167 1447 1267 1512 nostri
1289 1471 1402 1514 curam

441 1551 559 1617 habere
573 1552 660 1615 visus
674 1564 733 1627 est,
750 1565 786 1615 ut
801 1570 911 1613 eorum
926 1570 1001 1634 quoe
1016 1548 1098 1613 circa
1110 1547 1272 1612 dominum
1291 1573 1402 1637 regem

442 1654 534 1731 liunt,
549 1676 606 1718 uos
627 1666 730 1718 certos
752 1652 881 1729 iaceret,
898 1665 955 1715 aut
980 1650 1107 1733 ignaros
1129 1628 1300 1728 eientunm
1322 1674 1403 1739 pras

442 1755 591 1821 muniret.
645 1754 740 1821 Unde
770 1768 801 1817 et
832 1753 924 1818 vobis
954 1773 1012 1816 nos
1040 1750 1226 1837 ampliorem
1257 1752 1401 1820 fatemur

441 1856 575 1944 gratiam
596 1856 723 1932 debere,
740 1854 795 1942 qui
814 1856 888 1918 licet
911 1854 986 1939 plus
1009 1876 1105 1940 quam
1129 1852 1283 1918 vellemus
1303 1855 1402 1921 silue·

441 1958 522 2039 ritis,
537 1956 741 2043 postmodum
764 1968 868 2018 tamen
890 1954 1118 2020 taciturnitatis
1138 1977 1258 2019 moram
1278 1955 1400 2021 discre-

441 2059 527 2123 tione
537 2056 671 2142 prorida
684 2057 920 2142 compensastis,
953 2058 998 2121 Et
1011 2059 1088 2142 quia
1102 2055 1257 2121 articulus
1267 2059 1400 2142 gravior

440 2159 569 2224 videtur
583 2157 740 2230 incidisse,
755 2180 812 2221 vos
827 2158 909 2221 sicut
924 2157 1054 2222 fratrem
1071 2170 1103 2222 et
1119 2158 1254 2222 amicum
1272 2162 1400 2225 carissi·

440 2284 528 2326 mum
545 2283 694 2345 rogamus
705 2260 868 2339 attentius,
890 2272 927 2324 nt
943 2282 1001 2323 nos
1015 2260 1047 2322 in
1064 2260 1197 2343 singulis
1213 2282 1286 2346 quae
1301 2285 1400 2349 expe-

440 2364 509 2429 dire
523 2361 674 2428 noveritis
688 2361 920 2448 praemuniatis,
934 2360 1012 2448 quia
1028 2360 1157 2425 consilio
1175 2376 1281 2426 vestro
1296 2364 1400 2449 pluri-

440 2486 527 2529 mum
558 2464 761 2550 adquiescere
790 2462 983 2549 jampridem
1013 2461 1220 2528 decrevimus.
1266 2465 1312 2529 Et
1344 2466 1397 2530 hic

439 2566 554 2631 modus
562 2578 693 2652 est,qu0
702 2579 840 2629 vestram
849 2563 1022 2628 absentiam
1035 2563 1125 2628 nobis
1134 2564 1236 2629 iacere
1246 2569 1397 2649 poteritis

437 2667 649 2748 fructuosam,
671 2668 697 2731 si
726 2690 800 2754 quae
829 2664 968 2729 ecclesiae
997 2683 1114 2730 nostrae
1146 2664 1285 2729 salubria
1316 2683 1394 2732 sunt

438 2771 624 2838 studueritis
639 2793 819 2858 procurare.
864 2769 986 2834 Valete.

704 3016 942 3081 EPISTOLA
965 3016 1116 3081 XLvrl.

480 3161 690 3225 Suscaetstus
712 3157 834 3221 litteras
857 3157 978 3224 domini
994 3160 1088 3244 regis,
1104 3157 1223 3245 quibus
1244 3161 1393 3243 queritur

436 3260 637 3326 Willelmum
653 3260 801 3324 abbatem
817 3272 848 3323 et
865 3260 1028 3324 ecclesiam
1050 3280 1136 3324 suam
1153 3261 1194 3324 de
1210 3258 1394 3327 Lisleshula

435 3386 455 3427 a
469 3358 560 3428 nobis
575 3361 656 3424 male
668 3372 835 3425 tractatam
847 3384 926 3438 esse,
937 3375 1060 3448 petens,
1072 3384 1209 3439 causam,
1221 3381 1294 3446 qnae
1306 3361 1392 3426 inter

435 3487 489 3529 ros
503 3476 534 3527 et
545 3461 736 3547 jamdictum
752 3463 899 3527 abbatem
916 3464 1063 3541 vertitur,
1080 3487 1099 3526 a
1114 3463 1205 3527 nobis
1219 3462 1282 3526 line
1296 3486 1393 3527 cano-

434 3567 506 3630 nico
517 3561 689 3639 terminari,
699 3577 732 3628 et
743 3564 802 3628 nisi
815 3564 922 3629 velitis
938 3565 1152 3650 adquiescere,
1162 3586 1223 3628 non
1235 3566 1391 3649 patietur,

434 3667 522 3756 quod
542 3669 574 3733 iu
593 3667 758 3754 jamdictae
779 3665 919 3732 ecclesiae
939 3665 1060 3752 aliquid
1079 3690 1098 3730 a
1121 3666 1215 3730 modo
1234 3665 1390 3733 habeatis.

432 3775 502 3838 Nos
510 3783 618 3836 autem
624 3768 781 3857 jamdicto
790 3768 898 3833 abbati
908 3768 1123 3854 persuasimus
1134 3779 1169 3832 ut
1180 3767 1389 3853 appellationi

431 3874 517 3939 omui
533 3873 703 3952 renuntiet,
718 3871 744 3934 si
759 3883 791 3936 et
807 3893 863 3934 vos
879 3873 1059 3935 renuntiare
1076 3868 1250 3949 volueritis,
1265 3881 1297 3933 et
1313 3891 1390 3933 nos·

433 3985 521 4037 trum
529 3973 636 4037 subire
643 3970 815 4057 judicium,
823 3984 855 4035 et
863 3972 930 4057 jarn
942 3971 1002 4036 sub
1011 3970 1070 4035 hac
1080 3969 1260 4034 conditione
1271 3991 1390 4034 renun-

432 4071 523 4135 tiavit
535 4071 741 4157 appellationi
757 4083 789 4134 et
804 4071 896 4135 factae
908 4085 940 4135 et
955 4070 1118 4137 iaciendae.
1148 4071 1226 4134 lnde
1237 4085 1285 4135 est
1298 4071 1389 4157 quod

431 4171 532 4248 vobis,
555 4172 580 4234 si
604 4169 816 4234 conditionem
842 4172 923 4235 banc
950 4173 1152 4251 admiseritis,
1175 4172 1260 4236 diem
1282 4172 1390 4258 praeii-

431 4272 535 4357 gimus
556 4269 768 4348 Dominicam,
787 4294 851 4356 qua
871 4274 1066 4354 cantabitur,
1081 4278 1309 4340 Misericordia
1323 4275 1392 4339 Do-

429 4375 531 4438 mini:
565 4386 597 4437 et
625 4386 702 4436 tunc
728 4378 858 4437 auctore
885 4373 1034 4452 Domino,
1062 4374 1151 4462 quod
1180 4378 1211 4440 in
1238 4374 1391 4441 abbatem
