3667 5475
431 764 444 821 l
459 760 632 840 tta-64]
840 775 1017 820 samsona.
1325 760 1379 818 151

429 952 546 1013 regem,
562 951 681 993 moram
705 925 805 1002 vobiS,
828 940 859 990 et
880 925 1029 998 reditum,
1046 926 1071 987 si
1094 923 1282 1007 expedierit,
1297 946 1378 1009 prae·

429 1030 583 1114 paraturi.
630 1030 662 1093 Si
678 1052 755 1113 ergo
769 1028 903 1111 diligitis
922 1026 1082 1090 ecclesiam
1106 1038 1255 1101 vestram,
1272 1024 1297 1088 si
1312 1026 1380 1089 ani·

426 1150 510 1194 mam
528 1142 677 1207 vestram,
692 1130 790 1192 immo
805 1128 882 1213 quia
898 1139 1070 1213 utramque
1091 1125 1235 1209 diligitis,
1251 1140 1381 1212 accepta

426 1235 668 1318 opportunitate
691 1231 791 1296 redire
815 1252 875 1293 non
906 1229 1072 1303 differatis,
1097 1250 1145 1307 ne,
1174 1228 1261 1313 quod
1283 1230 1376 1303 absit,

426 1335 513 1421 quod
526 1358 610 1420 soepe
621 1334 771 1409 diximus,
787 1334 863 1397 liant
879 1332 1071 1396 conditionis
1088 1345 1199 1394 vestrae
1211 1331 1378 1396 novissima

426 1456 550 1520 semper
564 1434 722 1499 deteriora
738 1434 908 1519 prioribus.
934 1432 1105 1496 Potestatis
1116 1433 1198 1495 enim
1210 1455 1229 1495 a
1240 1434 1379 1497 Domino

426 1536 606 1602 coustitutoe
621 1535 839 1621 geminabitur
853 1534 1042 1619 indignatio,
1059 1535 1085 1597 si
1108 1548 1284 1616 porrectam
1306 1556 1378 1618 gra-

428 1637 504 1702 tiam
519 1638 676 1702 contemni
693 1636 903 1723 praesenserit.

498 1809 725 1873 EP1sTOLa
748 1810 915 1873 CIL—an
930 1827 1160 1871 stuxauuaun
1177 1828 1296 1871 aaran.

662 1944 803 2007 Domino
821 1944 919 2024 Papa
935 1942 1130 2006 Alacarrdro.

469 2061 686 2125 Ssucrmams
701 2073 816 2124 vestrae
836 2060 1021 2123 mandatum
1044 2059 1153 2123 debita
1176 2064 1375 2125 veneratione

424 2160 640 2246 suscipientes,
667 2160 878 2224 creditoribus
900 2158 1012 2223 vestris
1032 2159 1254 2237 satisfecimus,
1272 2166 1374 2245 parati

425 2283 546 2347 semper
568 2262 750 2345 apostolicis
772 2260 901 2324 obedire
924 2260 1094 2339 mandatis,
1109 2260 1164 2323 sed
1179 2262 1375 2346 apostolatus

424 2364 518 2426 vestri
529 2378 670 2449 tempore
679 2362 880 2447 paratissimi.
928 2363 994 2424 Nos
1001 2362 1121 2425 etenim
1134 2386 1190 2446 per
1202 2363 1375 2427 misericor-

424 2464 510 2527 diam
533 2464 662 2528 Domini
677 2488 695 2527 a
710 2465 774 2528 fide
795 2466 948 2527 Romanae
968 2463 1117 2543 ecclesiae,
1131 2464 1171 2525 ab
1186 2464 1376 2529 obedientia*

423 2564 597 2642 famulatu,
612 2588 674 2628 non
689 2588 804 2643 carcer,
820 2588 881 2628 non
894 2565 1030 2649 gladius,
1046 2587 1118 2639 non,
1132 2564 1157 2626 si
1173 2588 1236 2648 qua
1247 2569 1375 2650 gravior

423 2681 472 2730 est
501 2669 690 2752 persecutio,
726 2668 904 2755 separabit:
940 2666 1115 2753 praesertim
1149 2688 1249 2751 quum
1283 2666 1374 2729 illum

422 2769 588 2832 videamus
602 2770 634 2832 iu
651 2770 766 2834 throno
782 2770 868 2834 Petri
885 2783 1080 2853 regnantem,
1095 2791 1114 2832 a
1130 2791 1195 2853 quo
1211 2768 1374 2831 doloribus

423 2870 538 2934 nostris
558 2870 704 2935 solatium
729 2885 946 2958 expectamus
992 2872 1099 2934 Multa
1114 2869 1270 2954 siquidem
1288 2887 1373 2946 sunt,

421 2987 452 3036 et
468 2971 534 3034 fere
555 2971 780 3057 importabilia,
803 2998 876 3059 quae
892 2995 951 3058 pro
971 2972 1067 3037 domo
1082 2971 1211 3036 Domini
1228 2971 1372 3045 libenter,

422 3096 524 3160 quum
547 3074 592 3137 ita
613 3088 760 3159 oporteat
782 3074 862 3153 lieri,
877 3075 1080 3150 sustinemus,
1104 3088 1136 3138 et
1158 3088 1241 3137 certe
1256 3073 1375 3158 majora

422 3197 517 3260 quam
547 3196 622 3259 quoe
651 3175 770 3262 scripto
798 3175 954 3240 committi
983 3174 1143 3263 expediat.
1205 3177 1374 3259 Speremus

420 3289 527 3339 autem
544 3276 629 3361 quod
652 3300 689 3338 ea
709 3277 739 3338 in
764 3277 853 3339 brevi
875 3291 1005 3340 auctore
1029 3278 1166 3342 Domino
1188 3277 1220 3340 in
1243 3274 1373 3340 auribus

422 3377 531 3441 restris
559 3376 757 3439 commodius
786 3393 959 3462 praesentes
989 3402 1196 3464 exponemus,
1225 3376 1374 3463 eoquod

421 3500 476 3539 vos
490 3476 532 3540 ad
557 3476 738 3540 Galliarum
760 3491 868 3561 partes
889 3478 1090 3558 descendere,
1114 3484 1199 3546 sama
1219 3482 1285 3544 fere
1307 3502 1373 3544 orn-

420 3578 507 3643 nium
536 3601 674 3642 consona
696 3600 772 3642 voce
794 3581 1003 3646 concelebrat.
1050 3582 1275 3668 supplicamus
1296 3603 1373 3665 ergo

421 3679 578 3766 majestati
594 3693 716 3752 vestrae,
733 3695 770 3744 ut
785 3704 843 3746 nos
858 3682 899 3747 de
920 3683 1060 3746 adventu
1083 3697 1199 3760 vestro,
1216 3682 1240 3745 si
1257 3687 1371 3765 placet,

420 3781 593 3866 dignemini
603 3783 1069 3868 praemunire,quopaternitati
1082 3796 1207 3858 vestrae,
1221 3796 1257 3845 ut
1268 3783 1370 3856 decet,

419 3882 598 3968 promptius
613 3906 826 3959 occurramus,
841 3897 874 3947 ct
889 3881 1154 3948 desideratissimo
1165 3881 1373 3945 beatitudinis

421 3998 532 4048 restrae
548 3985 616 4048 visu
640 3999 672 4049 et
695 3985 837 4069 alloquio
859 3985 953 4047 citius
975 3984 1182 4068 gaudeamus.
1229 3983 1372 4064 Interim,

417 4099 507 4171 pater
529 4085 724 4165 dulcissime,
747 4110 803 4149 nos
825 4089 1015 4171 scriptorum
1039 4101 1215 4150 vestrorum
1247 4085 1371 4162 solatio,

417 4199 448 4248 et
473 4185 667 4270 Apostolicae
691 4184 888 4248 salutationis
911 4184 1061 4248 beneficio
1092 4187 1229 4270 petimus
1253 4189 1371 4271 saepius

422 4286 555 4364 visitari,
575 4309 614 4349 ne
628 4287 682 4370 pii
697 4283 844 4346 desiderii
869 4287 967 4348 nostri
983 4285 1105 4366 dilatio,
1128 4303 1183 4351 aut
1207 4288 1370 4351 servitutis

421 4399 537 4449 nostra·
552 4397 782 4468 contemptum,
797 4400 852 4448 aut
868 4386 1028 4449 defectum
1046 4388 1157 4469 gratiae
1174 4402 1297 4464 vestrm,
1313 4401 1369 4449 aut
