3667 5475
433 776 496 835 aad
668 785 804 829 Joauurs
820 780 1099 826 saaasaarunrsrs
1296 764 1340 844 [a.
1358 784 1384 827 u.

434 962 553 1016 corum,
584 959 678 1021 quam
710 936 870 1001 coutinuis
895 936 959 997 fere
992 934 1106 997 diebus
1136 935 1244 1010 audio,
1271 956 1388 998 concu-

433 1042 553 1104 tiuntur
568 1039 675 1102 omnia
691 1039 812 1101 viscera
827 1058 915 1111 mea;
932 1056 1038 1099 verum
1054 1037 1142 1100 nulla
1157 1036 1278 1100 doloris
1292 1058 1388 1101 causa

434 1142 587 1205 valentior
602 1151 657 1204 aut
672 1139 839 1202 violentior
860 1149 909 1203 est
932 1160 1026 1221 quarn
1050 1139 1138 1201 haec:
1167 1139 1319 1222 quoniam
1343 1139 1390 1202 vis

434 1244 570 1308 turbinis
584 1241 679 1326 hujus
699 1241 910 1324 quorumdam
931 1242 1101 1315 mentibus,
1119 1241 1159 1303 de
1179 1242 1297 1325 quibus
1312 1264 1389 1306 con·

434 1345 586 1419 fidebam,
607 1354 640 1406 et
660 1344 716 1425 qui
732 1342 922 1406 videbantur
942 1342 1064 1425 aliquid
1084 1364 1164 1417 esse,
1181 1344 1338 1421 excussit,
1352 1354 1388 1406 ut

433 1466 562 1529 operum
576 1445 758 1508 testimonio
771 1445 982 1519 convincitur,
995 1445 1170 1508 caritatem.
1202 1446 1247 1507 Et
1258 1446 1320 1509 hoc
1330 1456 1387 1524 cst,

433 1546 633 1624 amicissime,
643 1545 729 1631 quod
742 1546 775 1607 io
788 1546 918 1609 auribus
929 1546 1003 1622 tuis,
1016 1566 1111 1628 quern
1123 1545 1188 1607 illis
1199 1544 1387 1609 dissimilem

434 1649 557 1733 opinor,
572 1648 714 1732 deploro,
731 1646 818 1731 quod
835 1648 972 1711 colorem
990 1647 1146 1728 optimum
1164 1645 1258 1709 video
1274 1647 1386 1711 immu-

432 1761 547 1826 tatum,
561 1761 594 1814 et
608 1759 774 1831 argeutum
798 1748 941 1811 fidelium
959 1770 1081 1811 versum
1104 1769 1174 1811 esse
1189 1749 1222 1809 in
1239 1750 1385 1813 scoriam.

435 1852 560 1925 Quaeris
578 1853 709 1915 fortasse
727 1851 812 1914 unde
833 1850 895 1913 ista
909 1850 1091 1934 conjiciam.
1138 1848 1188 1911 Ad
1205 1848 1293 1934 quod
1308 1871 1387 1931 ego:

434 1956 490 2018 Ex
509 1975 548 2017 eo
569 1953 640 2016 haec
662 1974 726 2014 noo
751 1952 899 2035 conjicio,
914 1950 971 2013 scd
994 1951 1165 2027 convinco,
1180 1950 1266 2033 quod
1290 1973 1387 2034 quum

433 2056 553 2118 multos
569 2053 690 2117 amicos
704 2053 869 2115 habuerim
886 2052 920 2115 in
937 2052 1096 2135 prosperis
1112 2052 1315 2130 constitutus,
1332 2052 1387 2116 vix

434 2175 516 2218 unus
531 2164 563 2217 et
578 2156 657 2217 alter
671 2154 792 2215 inventi
808 2164 892 2231 sunt,
903 2153 957 2237 qui
973 2154 1008 2215 in
1022 2152 1172 2228 adversis,
1188 2163 1224 2216 ut
1240 2154 1386 2234 credunt,

433 2255 585 2338 positum,
600 2267 655 2317 aut
666 2255 765 2318 velint
779 2266 835 2317 aut
848 2254 988 2318 audeant
1002 2256 1153 2318 salutare:
1169 2266 1388 2320 verumtamen

433 2354 460 2419 si
476 2354 677 2418 salutationis
699 2354 777 2416 milri
797 2354 969 2436 impertitae
992 2375 1066 2436 spes
1084 2354 1124 2416 iis
1145 2353 1300 2440 damnosa
1321 2371 1389 2421 erat

433 2456 547 2535 lutum,
562 2457 659 2532 malo,
681 2455 756 2518 dum
778 2467 885 2519 tamen
908 2455 1024 2519 caritas
1044 2478 1108 2517 non
1131 2456 1340 2539 periclitetur,
1354 2471 1391 2525 ut

433 2579 452 2621 a
473 2557 662 2642 periculosis
682 2557 847 2635 desistant,
869 2578 965 2640 quam
989 2557 1159 2620 occasione
1182 2558 1246 2621 mei
1261 2561 1387 2642 pericli-

432 2671 547 2724 tentur.
579 2659 644 2723 Sed
656 2661 785 2723 sortasse
796 2651 884 2722 meas
895 2660 1036 2743 recipere
1047 2659 1168 2721 litteras
1180 2660 1387 2727 criminosum

433 2774 492 2842 est,
507 2773 539 2826 et
553 2762 598 2825 sic
615 2773 726 2845 potero
742 2761 888 2824 cohiberi
902 2783 945 2824 nc
959 2763 1096 2824 scribam
1101 2808 1110 2838 ,
1121 2783 1230 2825 verum
1243 2764 1386 2830 Domino

433 2876 573 2943 auctore,
598 2875 634 2927 ut
660 2865 790 2941 amicos,
816 2875 847 2925 et
873 2865 971 2928 etiam
994 2865 1101 2926 minus
1125 2864 1307 2946 diligentes,
1331 2879 1387 2933 aut

432 2969 563 3031 omuino
578 2967 726 3032 adversos
741 2990 805 3030 nou
822 2966 962 3049 diligam,
975 2969 1081 3029 nullus
1097 2967 1215 3050 poterit
1225 2970 1384 3035 inhibere.

433 3072 498 3135 Sed
514 3071 554 3134 de
570 3066 621 3133 his
635 3073 800 3135 hactenus¹

476 3175 527 3236 De
548 3183 662 3237 caetero
680 3194 803 3255 precor,
824 3181 858 3235 ut
879 3174 1006 3235 fratrem
1024 3171 1144 3249 meum,
1160 3174 1261 3256 quiet
1277 3176 1386 3239 sinon

432 3276 561 3358 plenam
584 3274 728 3353 gratiam,
753 3295 848 3357 quam
879 3296 1044 3358 nunquam
1076 3275 1243 3354 demeruit,
1269 3298 1386 3358 pacem

430 3385 536 3437 tamen
566 3373 688 3435 domini
719 3376 801 3457 regis
831 3376 966 3459 adeptus
990 3387 1047 3454 est,
1072 3378 1190 3439 habeas
1220 3399 1386 3443 commen·

431 3475 551 3553 datum,
574 3485 605 3537 et
632 3474 762 3538 domino
788 3499 860 3540 meo
885 3479 1039 3563 episcopo
1070 3480 1269 3543 Norwicensi
1297 3503 1383 3544 com-

431 3579 583 3643 mendes:
615 3588 646 3641 et
669 3580 818 3662 quoniam
840 3582 919 3643 mihi
941 3593 1004 3644 tres
1027 3603 1149 3645 marcas
1171 3582 1211 3644 de
1234 3584 1386 3665 praesenti

431 3684 511 3747 festo
535 3682 644 3748 Sancti
665 3682 801 3744 Joannis
822 3682 953 3745 reddere
973 3705 1038 3746 non
1062 3684 1203 3760 auderet,
1219 3707 1335 3768 precor
1349 3698 1385 3751 ut

431 3796 485 3848 eas
500 3803 703 3868 quocumque
718 3782 852 3845 voluerit
874 3782 1003 3847 nomine
1029 3785 1193 3847 transferat
1207 3785 1241 3847 irr
1258 3786 1381 3849 fratrem

431 3908 548 3963 meum,
576 3884 653 3968 quia
681 3884 836 3968 quicquid
866 3885 895 3946 ei
926 3885 1003 3946 boni
1032 3885 1152 3963 fecerit,
1178 3886 1298 3968 gratius
1328 3907 1381 3949 ae-

432 3989 579 4067 ceptabo,
594 4007 689 4070 quam
706 3987 733 4048 si
750 3987 828 4048 mihi
850 3986 884 4048 in
907 3988 1036 4070 propria
1058 4009 1193 4070 persona
1215 3997 1301 4052 esset
1322 4010 1380 4051 ex·

431 4085 577 4147 hibitum.
1354 4094 1357 4101 '
