3667 5475
443 782 509 841 202
710 793 845 838 susurris
861 789 1140 837 saunsnnursusrs
1310 776 1356 859 [a.
1373 796 1409 842 n.

442 946 518 1009 data
538 943 686 1008 inducias
708 966 808 1027 nsque
832 944 873 1007 ad
896 944 1013 1008 festum
1037 946 1070 1010 S.
1094 947 1290 1024 Michaelis3
1312 958 1405 1026 tunc,

442 1047 506 1111 nisi
517 1048 666 1110 dominus
677 1068 763 1129 papa
773 1046 900 1109 interim
912 1048 1034 1109 venerit
1047 1059 1078 1110 et
1090 1050 1284 1125 subvenerit,
1294 1070 1408 1135 recep-

444 1149 507 1212 turi
519 1148 705 1211 Gnidonem
718 1147 937 1225 cremensem,
949 1162 981 1210 et
995 1148 1028 1210 in
1041 1152 1137 1212 rerba
1152 1150 1407 1216 Teutonicorum

438 1251 585 1335 juraturi.
628 1251 674 1313 Et
699 1271 739 1313 ne
767 1247 888 1332 aliquid
913 1250 1110 1329 subtraham,
1133 1262 1278 1315 asserunt
1293 1255 1406 1317 nescio

443 1374 523 1437 quas
545 1353 764 1436 prophetissas
784 1351 983 1415 Teutonicas
1008 1353 1197 1416 vaticinatas
1217 1375 1301 1433 esse,
1315 1355 1403 1419 uude

441 1456 527 1519 furor
552 1455 805 1518 Teutonicorum
831 1461 941 1536 potest
970 1454 1107 1535 amplius
1138 1456 1343 1532 inflammari,
1370 1468 1402 1521 et

440 1558 526 1622 unde
541 1556 737 1621 schismatici
751 1555 942 1618 animantur.
977 1555 1043 1618 Sed
1058 1557 1203 1637 profecto
1219 1567 1401 1640 potensest

441 1662 533 1724 Deus
565 1670 728 1723 conterere
762 1656 946 1737 superbiam
981 1658 1093 1732 Moab,
1124 1657 1216 1721 valde
1249 1658 1401 1725 adversus

441 1764 619 1826 Dominum
635 1759 859 1844 superbientis.
889 1759 935 1821 Et
951 1760 1132 1841 arrogantia
1147 1760 1217 1843 ejus
1233 1761 1339 1845 major
1354 1771 1403 1827 est

441 1886 538 1948 quam
556 1861 721 1926 fortitudo.
756 1858 851 1923 Unde
874 1858 909 1921 in
931 1868 1020 1922 tanto
1042 1880 1147 1922 rerum
1171 1863 1300 1926 turbiue
1321 1863 1401 1926 nibil

442 1965 603 2030 salubrius
626 1964 768 2039 arbitror,
784 1980 881 2043 quam
898 1971 934 2023 ut
954 1962 1178 2043 confugiamus
1193 1964 1233 2026 ad
1257 1967 1398 2029 clemen·

440 2068 516 2130 tiam
529 2066 661 2140 Christi,
674 2066 728 2147 qui
740 2063 799 2125 etsi
810 2063 925 2126 iterum
937 2060 1143 2145 crucifigitur,
1152 2087 1217 2127 non
1230 2066 1399 2146 occiditur,

441 2166 498 2230 sed
524 2166 733 2229 crucifixores
764 2186 839 2227 suos
866 2166 900 2226 in
927 2166 1080 2228 ultionem
1108 2168 1277 2231 Columbae
1306 2168 1401 2233 faciet

441 2267 589 2332 acerbius
604 2266 761 2348 crucifigi.
801 2267 846 2328 Et
860 2265 929 2349 jam
946 2268 1107 2349 crucifigit
1126 2290 1185 2351 pro
1205 2280 1307 2353 parte,
1324 2291 1400 2334 con·

440 2389 559 2432 vocans
588 2368 741 2431 adversus
771 2389 828 2431 eos
858 2378 981 2450 pestem
1012 2381 1044 2434 et
1073 2371 1226 2452 gladium,
1255 2382 1287 2435 et
1317 2373 1398 2437 alios

438 2473 572 2553 angelos
591 2493 677 2547 suos,
696 2492 754 2554 per
776 2492 858 2553 quos
880 2472 1053 2551 gloriosius
1076 2474 1170 2557 punit
1193 2485 1304 2537 eontra
1325 2497 1398 2539 eum

438 2575 617 2638 immaniter
647 2575 829 2656 gloriantes.
882 2573 916 2636 Si
954 2575 1047 2636 vobis
1082 2575 1242 2639 adfuerint
1277 2586 1397 2641 sanctu

440 2678 679 2742 Cantuariensis
708 2676 853 2741 ecelesiae
880 2677 1019 2759 patroni,
1047 2698 1180 2759 quorum
1212 2680 1397 2744 memoriam

438 2779 548 2844 haberi
559 2780 680 2864 jugiter
695 2778 838 2863 expedit,
855 2779 927 2841 Deo
943 2793 1083 2857 anctore,
1099 2780 1217 2842 utiliter
1232 2781 1396 2844 sedabitur

438 2882 508 2944 haec
519 2884 670 2964 procella,
682 2892 714 2943 et
729 2903 788 2942 nos
800 2880 932 2942 feliciter
945 2879 985 2942 ad
999 2883 1397 2963 optatum-enavigabimus

438 2994 575 3065 portum.
615 2983 684 3046 Nee
702 2982 814 3045 diffido
832 2970 909 3065 quin
926 3003 981 3043 eos
996 2983 1169 3045 habeamus
1184 2985 1352 3067 propitios,
1367 2986 1396 3048 si

438 3087 638 3166 posuerimus
667 3084 764 3148 eorda
788 3094 895 3145 nostra
919 3105 1017 3165 super
1040 3083 1108 3146 vias
1131 3099 1267 3161 nostras
1294 3096 1325 3148 et
1350 3086 1396 3149 ita

437 3189 550 3252 versati
566 3190 718 3252 fuerimus
734 3188 766 3248 in
780 3184 934 3249 exercitio
950 3189 1030 3268 legis
1047 3189 1184 3265 Divinae,
1194 3201 1229 3251 ut
1244 3211 1314 3251 earu
1331 3211 1396 3254 non

435 3291 542 3352 minus
561 3290 744 3351 studeamus
768 3290 881 3365 facere,
898 3311 993 3372 quam
1016 3291 1136 3353 audire.
1183 3293 1268 3354 Nam
1291 3302 1328 3355 ut
1350 3293 1395 3356 ait

437 3388 574 3472 Sapiens
589 3390 740 3472 quidam:
772 3389 892 3451 Rerum
903 3392 1102 3471 eaperieutt'u
1119 3397 1165 3454 est
1176 3393 1331 3472 magistra
1343 3395 1395 3455 iu·
1466 3409 1468 3412 ⁴

435 3489 630 3571 tellr'geutiae.
669 3493 792 3554 Valete.

531 3646 754 3710 EPISTOLA
777 3645 984 3707 extr—an
999 3664 1291 3710 aaarnououmum

673 3765 902 3811 nxoumusnu.
930 3746 1009 3826 [An.
1029 3749 1138 3828 llos]

735 3867 875 3929 Domino
890 3866 1086 3929 anuieust‘.

478 3990 564 4052 Posr
581 4008 740 4050 recessum
757 3986 879 4047 domiui
894 4006 988 4067 papae
1004 3987 1093 4047 nulla
1108 3985 1193 4067 apud
1209 4007 1270 4048 nos
1284 3987 1386 4050 relatu

433 4090 746 4167 dignaemerserunt,
757 4108 817 4148 nec
828 4085 869 4149 de
882 4087 1174 4169 curiaimperutoris
1183 4087 1309 4169 aliquid
1322 4110 1391 4151 cer-

433 4200 500 4251 tum
527 4199 585 4258 est,
611 4186 748 4267 ideoque
775 4187 815 4247 ab
843 4207 950 4248 eorum
978 4209 1049 4269 quae
1073 4187 1214 4269 publicae
1240 4187 1392 4252 dicuntur

431 4289 583 4352 relatione
600 4287 731 4364 desisto,
747 4298 778 4347 ot
793 4289 931 4370 propriis
947 4290 1101 4352 incumbo
1117 4289 1266 4368 negotiis.
1312 4288 1391 4351 Pro-

430 4391 518 4455 misit
538 4389 616 4452 mihi
639 4387 762 4452 Pictav·
779 4389 910 4463 archid,
929 4403 962 4453 ut
978 4403 1050 4454 aute
1067 4391 1137 4474 jam
1160 4391 1285 4472 scripsi,
1302 4388 1391 4472 quod
