3667 5475
488 770 549 829 lot
757 781 1170 827 Joaumssaaasaamassr
1343 766 1389 846 [a.
1408 787 1439 830 o.

487 933 673 1018 petitionem
699 934 792 1005 banc,
819 933 845 994 si
872 931 930 994 hoc
957 946 1062 996 tamen
1089 933 1238 996 auderem
1267 933 1441 1019 postulare,

483 1033 618 1097 dominis
638 1036 715 1098 meis
735 1033 950 1098 cardinalibus
970 1056 1026 1119 per
1048 1056 1175 1097 manum
1198 1049 1335 1100 vestram
1356 1036 1440 1100 desi-

481 1135 560 1199 dero
575 1135 812 1220 praesentari,et
828 1158 977 1221 responsa
989 1159 1098 1199 eorum
1116 1138 1305 1223 perlitteras
1320 1152 1439 1205 vestras

478 1240 629 1323 recipere.
888 1240 893 1250 ’

522 1339 666 1404 Celebris
687 1340 773 1403 fama
795 1353 843 1404 est
865 1338 1029 1403 dominum
1051 1363 1166 1426 papam
1188 1342 1228 1404 ad
1255 1341 1434 1407 Galliarum

476 1442 556 1505 fines
576 1442 733 1505 accedere.
781 1442 827 1505 Ut
848 1463 926 1525 ergo
948 1443 1129 1526 promptius
1149 1441 1196 1505 illi
1220 1456 1251 1507 et
1275 1445 1366 1509 vobis
1385 1469 1437 1509 oc-

476 1567 653 1621 curramus,
670 1568 720 1607 me
735 1567 792 1629 per
809 1543 940 1607 latorem
962 1545 1180 1629 praesentium,
1197 1546 1223 1608 si
1243 1548 1360 1631 placet,
1380 1547 1437 1609 ad-

476 1646 578 1710 bibita
596 1646 756 1711 celeritate
781 1655 983 1732 praemonete.
1030 1648 1123 1710 Virat
1148 1661 1180 1711 et
1204 1647 1310 1712 valeat
1329 1661 1435 1734 pater·

476 1748 559 1813 nitas
574 1762 689 1830 restra,
704 1772 824 1813 memor
839 1748 900 1811 mei
916 1748 947 1811 in
963 1749 1162 1814 orationibus
1177 1750 1253 1815 suis.

625 2075 848 2137 EPISTOLA
871 2075 1049 2138 ClV.-an
1064 2092 1278 2137 clamamus,

642 2228 766 2293 Joonm'
780 2232 869 2295 Scor.
886 2240 917 2295 et
931 2235 1032 2296 Joan.
1048 2232 1147 2297 Paul.
1167 2233 1265 2333 Card.

518 2362 572 2426 Aa
600 2361 728 2425 ineunte
763 2375 856 2425 aetate
889 2362 1058 2447 amplexus
1094 2362 1318 2439 obedientiam,
1349 2364 1430 2428 nihil

474 2464 590 2529 exinde
604 2462 632 2525 ei
648 2462 789 2547 praetuli,
809 2485 869 2547 pro
892 2484 958 2547 qua
980 2463 1021 2526 ab
1041 2462 1133 2525 initio
1155 2461 1302 2527 universa
1322 2464 1430 2528 omnia

471 2566 596 2652 reliqui.
642 2567 750 2642 Quum
779 2587 854 2627 vero
875 2563 996 2650 placuit
1023 2566 1052 2628 ei
1076 2564 1131 2650 qui
1157 2588 1207 2627 me
1232 2566 1368 2641 vocavit,
1392 2579 1428 2631 ut

471 2691 607 2755 puerum
631 2690 724 2732 suurn
748 2665 971 2731 Cantuaricnsi
991 2666 1128 2729 ecclesiae
1150 2666 1337 2751 praeficeret,
1354 2666 1426 2739 lioet

471 2771 652 2856 indignum,
675 2768 754 2832 nihil
776 2782 887 2855 postea
908 2769 1017 2853 potius
1039 2767 1172 2847 credidi,
1193 2791 1289 2852 quarn
1315 2781 1351 2831 ut
1376 2791 1427 2832 me

471 2886 588 2937 sanctae
603 2873 743 2937 ecclesiae
757 2875 910 2935 Romanae
927 2882 993 2934 tota
1009 2870 1178 2933 devotione
1194 2868 1425 2946 submitterem,

470 2988 502 3039 et
522 2976 551 3039 ei
571 2975 761 3038 famulatum
785 2997 844 3058 pro
864 2972 986 3037 viribus
1009 2994 1132 3056 semper
1152 2973 1424 3055 promptissimum

470 3076 661 3140 exhiberem.
693 3074 779 3136 Mihi
792 3073 1005 3157 voluptaserit
1017 3090 1048 3136 et
1060 3073 1283 3156 gloria,meam
1293 3073 1425 3158 singulis

469 3179 571 3256 annis,
592 3190 649 3239 aut
673 3176 789 3260 saepius
815 3174 1018 3237 devotionern
1044 3173 1110 3237 sedi
1135 3173 1317 3258 apostolicae
1344 3199 1425 3259 prae-

470 3291 601 3340 sentare.
645 3278 748 3339 Miror
762 3289 870 3338 autem
886 3289 916 3337 et
933 3275 1103 3339 admodum
1120 3275 1222 3348 doleo,
1241 3276 1326 3358 quod
1344 3299 1423 3360 quo-

469 3377 614 3439 rumdam
630 3377 831 3439 dominorum
848 3398 989 3440 meorum
1009 3375 1217 3441 cardinalium
1234 3376 1314 3440 citra
1329 3379 1422 3441 meri·

469 3491 535 3542 tum
549 3499 655 3541 meum
668 3479 700 3541 in
713 3501 763 3541 me
772 3478 937 3542 incanduit
949 3477 1137 3562 indignatio.
1163 3478 1246 3540 Mihi
1260 3478 1421 3562 siquidem

466 3579 499 3642 in
523 3579 611 3644 nullo
633 3583 777 3644 conscius
800 3603 888 3643 sum:
921 3602 1032 3642 verum
1056 3582 1082 3643 si
1103 3579 1236 3664 deliqui,
1258 3579 1422 3643 humiliter

467 3681 709 3746 satisfacientem
726 3682 897 3745 admittant
915 3681 956 3745 ad
972 3681 1124 3763 gratiam:
1157 3681 1182 3743 si
1204 3703 1265 3742 non
1287 3680 1421 3766 deliqui,

466 3785 680 3849 misericordia
706 3798 736 3849 et
759 3786 849 3869 justo
876 3782 1006 3848 Domini
1031 3783 1259 3846 interveniente
1283 3781 1420 3864 judicio,

466 3884 545 3947 bene
560 3909 683 3971 semper
698 3885 737 3947 de
752 3900 868 3950 caetero
883 3897 1115 3969 promerentem
1132 3884 1271 3946 fraterna
1286 3883 1419 3946 caritate

466 3986 630 4069 recipiant,
660 4003 691 4050 et
721 4010 741 4049 a
774 3987 991 4072 persecutione
1027 3999 1194 4058 cessantes,
1225 3987 1324 4047 nostri
1356 4007 1419 4046 non

466 4085 624 4148 declinent
649 4088 824 4151 famulatus
850 4089 1013 4172 obsequia.
1060 4092 1178 4151 Nostra
1208 4085 1275 4148 haec
1305 4085 1420 4170 petitio

465 4189 577 4248 vestris
603 4187 749 4249 manibus
773 4205 1007 4270 promoveatur,
1031 4189 1107 4272 quia
1134 4189 1318 4251 nuntiorum
1348 4210 1416 4249 nos·

464 4301 586 4349 trorum
599 4288 765 4372 praesentia
778 4289 882 4350 minus
895 4290 973 4352 bene
985 4300 1110 4376 recepta
1121 4303 1197 4354 esta
1212 4287 1417 4374 quibusdam.

465 4382 581 4451 Sinccri
597 4389 712 4452 amoris
727 4411 836 4455 secura
851 4402 898 4452 est
915 4391 1036 4472 petitio.
