3667 5475
444 774 505 833 lat
701 780 837 826 scaurus
853 775 1131 823 sanassenrnuars
1296 758 1343 839 [A.
1360 778 1391 821 n.

440 934 532 999 licam
556 932 682 997 evolant
707 933 915 1018 majestatem.
972 927 1053 991 Inde
1081 938 1129 991 est
1158 924 1247 1011 quod
1277 926 1393 992 seriem

439 1038 663 1101 controversiae
677 1056 751 1119 quae
765 1035 848 1097 inter
859 1029 1034 1096 Ricardum
1046 1028 1087 1092 de
1098 1028 1230 1093 Anestia
1240 1040 1272 1093 et
1285 1029 1397 1093 Mabi-

439 1140 514 1203 liam
529 1138 570 1203 de
586 1134 805 1202 Franchevilla
823 1133 947 1198 diutius
967 1133 998 1196 in
1020 1131 1178 1195 auditorio
1192 1142 1300 1195 nostro
1316 1153 1394 1195 ven·

440 1239 532 1305 tilata
552 1253 613 1316 est,
635 1240 676 1302 ad
702 1237 848 1302 notitiam
867 1248 1005 1300 vestram
1034 1232 1206 1299 transferre
1229 1244 1393 1310 curamus,

438 1354 536 1427 prout
557 1354 754 1426 emergentes
774 1338 899 1403 articuli
922 1337 1028 1423 colligi
1049 1344 1234 1422 potuerunt.
1280 1335 1391 1412 Quum

436 1445 548 1531 itaque
567 1444 637 1530 jam
662 1443 768 1507 dictus
792 1439 963 1534 Ricardus,
988 1452 1146 1524 cognatus
1168 1435 1324 1500 Willelmi
1350 1437 1392 1502 de

440 1545 613 1610 Saccavilla
623 1558 654 1609 et
664 1566 772 1630 nepos,
783 1542 864 1607 sicut
874 1540 989 1605 sororis
998 1540 1101 1604 filium
1115 1538 1230 1623 vulgus
1241 1549 1391 1624 nepotem

436 1647 541 1712 dicere
576 1646 751 1721 consuevit,
783 1643 969 1731 petitionem
999 1641 1196 1707 haercditatis
1224 1640 1265 1704 ad
1302 1640 1389 1703 bona

439 1748 590 1814 avunculi
618 1746 792 1812 obtinenda
820 1745 1011 1819 institueret,
1044 1754 1218 1807 memorata
1253 1742 1390 1807 Mabilia

438 1850 504 1915 filia
519 1849 675 1914 Willelmi
694 1871 728 1928 se
748 1846 794 1911 illi
810 1846 842 1936 in
857 1846 928 1910 foro
948 1845 1135 1932 secularium
1130 1844 1315 1931 Qdic-um,
1332 1845 1390 1909 nbi

438 1974 489 2016 res
514 1952 716 2025 actitabatur,
742 1950 902 2037 opposuit,
929 1970 1068 2013 asserens
1097 1946 1193 2010 filiam
1219 1946 1329 2033 nepoti
1349 1948 1389 2011 ‘in

437 2067 570 2139 paterna
593 2053 780 2119 haereditate
801 2051 1043 2139 praeferendam.
1095 2049 1252 2115 Ricardus
1268 2072 1344 2114 vero
1358 2050 1388 2114 ei

439 2153 517 2218 nihil
535 2154 620 2240 juris
634 2154 827 2218 haereditarii
846 2168 1025 2238 competere
1046 2152 1221 2238 respondit,
1237 2175 1275 2215 eo
1296 2152 1387 2238 quod

438 2276 501 2317 non
516 2266 595 2318 esset
611 2277 651 2319 ex
666 2253 808 2339 legitimo
829 2265 975 2338 suscepta
996 2252 1209 2330 matrimonio,
1225 2253 1279 2316 sed
1295 2251 1388 2339 adul·

438 2354 539 2420 terino
553 2368 721 2441 procreata
734 2358 914 2441 complexu.
947 2355 1055 2432 Quum
1069 2354 1178 2441 itaque
1192 2354 1388 2419 matrimonii

350 2468 361 2487 ⁹
436 2456 574 2550 quaestio
603 2469 791 2534 verteretur,
822 2458 909 2543 quod
944 2456 984 2520 dc
1013 2455 1133 2541 regulis
1170 2455 1388 2521 ecclesiasticis

436 2558 616 2623 infirmatur
643 2570 701 2623 aut
727 2559 927 2639 convalescit,
950 2558 1092 2623 decrevit
1120 2559 1209 2622 curia
1237 2559 1388 2626 catholici

435 2661 587 2748 principis
601 2659 788 2725 serenissimi
803 2663 887 2746 regis
901 2660 1078 2747 Anglorum
1094 2662 1228 2726 Henrici
1243 2662 1387 2741 secundi,

437 2777 474 2829 ut
499 2763 540 2827 ad
564 2787 696 2828 examen
718 2762 963 2828 ecclesiasticum
987 2787 1083 2828 causa
1108 2765 1239 2851 rediret,
1262 2765 1319 2829 nbi
1346 2765 1387 2829 de

431 2866 508 2952 jure
535 2889 703 2945 canonum,
731 2889 812 2952 quos
840 2866 944 2931 clerus
973 2867 1075 2945 novit,
1101 2866 1219 2954 vulgus
1247 2867 1385 2954 ignorat,

435 2970 571 3053 quaestio
590 2969 782 3032 matrimonii
803 2968 897 3032 linem
921 2968 1063 3034 debitum
1088 2969 1264 3034 sortiretur.
1309 2973 1387 3034 Par-

437 3068 523 3132 tibus
548 3091 625 3152 ergo
655 3068 739 3131 diem
763 3092 802 3131 ex
833 3068 921 3154 regio
947 3069 1097 3134 mandato
1120 3070 1327 3156 praefiximus,
1353 3083 1387 3135 et

435 3169 562 3233 tandem
578 3182 650 3255 post
669 3169 837 3233 dilationes
858 3195 940 3256 quas
961 3172 1096 3236 Mabilia
1111 3196 1150 3236 ex
1167 3173 1261 3237 variis
1280 3172 1386 3238 causis

433 3270 585 3342 obtinuit,
601 3270 786 3354 petitionem
803 3293 892 3337 suam
913 3273 1072 3339 Ricardus
1086 3275 1287 3340 instauravit.
1335 3274 1384 3341 Ut

433 3379 540 3434 autem
563 3370 719 3458 liquidius
743 3396 869 3438 causam
897 3398 987 3439 suam
1017 3388 1186 3456 astrueret,
1212 3389 1245 3441 et
1271 3377 1385 3441 adver·

433 3471 546 3537 sariam
584 3473 725 3559 spuriam
768 3499 836 3541 esse
877 3477 1018 3555 doceret,
1055 3480 1250 3545 avunculum
1288 3503 1385 3544 suum

437 3574 634 3640 Willelmum
649 3600 722 3642 cum
738 3579 877 3665 quadam
888 3581 1033 3646 Albreda
1048 3583 1088 3646 de
1101 3585 1261 3669 Tresgoro
1276 3586 1386 3649 matri·

431 3677 572 3744 monium
595 3682 789 3745 contraxisse
817 3687 962 3760 asseruit,
987 3697 1019 3749 et
1045 3686 1160 3750 exinde
1189 3685 1244 3749 illa
1271 3685 1384 3750 contra

432 3781 526 3870 fldem
556 3777 707 3870 conjugii
725 3783 887 3862 derelicta,
917 3772 1047 3851 duxisse
1077 3788 1253 3853 Adelitiam
1282 3788 1382 3852 filiam

431 3885 572 3949 Amfridi
603 3886 809 3968 vicecomitis,
838 3902 870 3953 et
900 3913 940 3953 ex
970 3913 1008 3953 ea
1043 3890 1208 3955 Mabiliam
1240 3903 1272 3955 et
1302 3891 1385 3955 alios

431 3982 546 4049 liberos
572 4009 634 4050 non
663 3988 822 4073 legitimos
847 3992 1030 4077 suscepisse.
1081 3993 1255 4058 Asserebat
1285 3992 1381 4056 etiam

432 4084 519 4167 quod
540 4110 639 4169 quum
657 4090 841 4154 ll'illelmus
857 4092 1038 4158 Adeletiam
1054 4095 1306 4181 superduxisset,
1322 4095 1384 4158 Al·

431 4184 540 4257 breda,
557 4209 651 4270 quam
675 4191 890 4271 praeduxerat,
906 4191 938 4255 in
962 4195 1039 4280 ipsis
1062 4197 1186 4282 nuptiis
1201 4219 1260 4282 pro
1275 4218 1308 4260 se
1327 4197 1385 4282 jus

432 4285 563 4352 foederis
599 4289 775 4375 conjugalis
812 4309 987 4377 protestata
1025 4309 1057 4363 et
1092 4300 1282 4365 auctoritate
1319 4303 1383 4365 Ec-

430 4389 602 4456 clesiastica
616 4393 761 4459 inhibens
776 4419 814 4460 ne
831 4400 1013 4483 superdicta
1027 4403 1058 4467 in
1076 4403 1179 4467 mariti
1195 4403 1241 4469 sui
1253 4404 1384 4469 illicitos
