3667 5475
398 766 588 847 llos-oi]
768 790 944 835 sersroma.

548 1026 774 1090 EPISTOLA
795 1030 1012 1091 LXIIL—an
1028 1048 1178 1094 aunuum.

716 1163 800 1244 Regi
814 1164 1001 1244 Anglorum.

428 1295 496 1366 Qur
519 1313 581 1354 nou
614 1294 733 1378 speruit
761 1317 940 1380 pauperum
963 1318 1081 1380 preces,
1104 1298 1278 1363 misericors
1304 1316 1336 1367 et

385 1392 550 1458 miserator
573 1392 732 1459 Dominus
754 1396 893 1460 ecclesiae
914 1417 981 1459 suae
1004 1399 1142 1479 gemitus
1157 1402 1332 1477 exaudivit,

383 1505 414 1557 et
438 1516 496 1580 per
522 1496 658 1578 gratiam
686 1518 775 1558 suam
803 1496 892 1558 vobis
922 1497 1063 1561 restituit
1087 1522 1210 1582 pacem,
1236 1525 1333 1587 quam

382 1595 521 1680 possitis,
535 1610 572 1660 ut
583 1608 721 1682 oportet,
732 1597 897 1660 restituere
911 1598 1050 1661 subditis
1061 1602 1181 1663 vestris.
1203 1601 1225 1665 J
1227 1617 1332 1669 ustum

381 1697 463 1759 enirn
479 1709 538 1775 est,
555 1710 591 1761 ut
607 1697 668 1761 sint
684 1699 932 1762 consolationum
950 1699 1119 1786 participes
1134 1703 1190 1787 qui
1205 1708 1332 1772 contriti

381 1799 502 1862 suntin
526 1798 688 1864 laboribus
708 1800 832 1872 vestris,
853 1802 960 1885 etqui
982 1800 1164 1877 facultates,
1187 1829 1329 1892 corpora,

379 1899 510 1980 animas,
533 1915 674 1965 vestrum
699 1916 914 1986 exposuerunt
938 1902 978 1965 ad
1001 1903 1140 1983 libitum,
1158 1907 1330 1988 vobiscum,

380 2002 428 2065 rel
438 2002 479 2066 ad
490 2003 1327 2094 modicumvaleantrespirare,utvestrispostmodum

381 2105 540 2191 obsequiis
556 2107 629 2181 sint,
642 2128 742 2191 quum
753 2127 835 2190 opus
846 2106 955 2182 fuerit,
967 2108 1113 2194 aptiores.
1152 2114 1325 2192 Oaeterum,

378 2205 453 2291 quia
468 2206 498 2270 in
515 2206 657 2270 absentia
674 2220 787 2280 vestra,
804 2229 862 2269 nec
878 2230 949 2292 spes
964 2209 1080 2293 quietis
1096 2224 1142 2274 est
1159 2216 1326 2279 coaetaneis

377 2309 501 2388 nostris,
511 2309 635 2374 vultum
649 2322 788 2372 restrum
800 2309 960 2373 desiderat
972 2312 1117 2376 universa
1127 2326 1222 2393 terra,
1233 2331 1325 2403 rogat

378 2411 562 2489 Dominum,
577 2410 608 2473 in
624 2412 718 2497 cujus
728 2433 821 2474 manu
839 2412 936 2475 corda
951 2426 1026 2477 sunt
1041 2437 1164 2498 regum,
1181 2437 1218 2481 ut
1234 2420 1324 2484 vobis

375 2536 479 2576 veram
496 2537 617 2600 pacem,
632 2525 664 2577 et
680 2513 739 2576 sibi
756 2527 891 2578 vestram
903 2516 1038 2600 gratiam
1057 2516 1222 2601 largiatur,
1238 2535 1268 2585 et
1286 2537 1322 2587 ut

372 2616 403 2680 in
421 2639 518 2700 regno
533 2627 638 2680 vestro
652 2615 691 2678 ad
708 2617 952 2680 consolationem
968 2631 1000 2681 et
1014 2617 1184 2684 utilitatem
1196 2624 1271 2685 cleri
1287 2638 1318 2689 et

371 2718 493 2806 populi,
503 2720 625 2805 placeat
634 2718 771 2805 amplius
782 2743 978 2783 commanere
991 2745 999 2792 ;
1024 2742 1079 2782 eos
1090 2722 1147 2806 qui
1157 2746 1217 2807 pro
1230 2725 1319 2788 vobis

373 2833 478 2897 orant,
508 2821 619 2884 audire
647 2821 811 2886 consuevit
841 2821 1039 2895 AltissimuS,
1062 2837 1094 2885 et
1117 2822 1197 2885 hanc
1220 2824 1318 2909 ipsam

369 2925 558 3012 petitionem
582 2923 749 2988 humilium
771 2937 931 3009 acceptam
948 2947 1014 2986 esse
1028 2923 1216 2988 confidimus
1231 2929 1317 3013 apud

369 3049 452 3094 curn
493 3027 744 3124 Supplicamus
735 3042 847 3119 itaque
863 3026 1017 3117 majestati
1033 3039 1173 3117 vestrae,
1180 3043 1214 3092 ut
1231 3030 1319 3094 vobis

368 3130 501 3216 placeat,
537 3128 624 3213 quod
660 3128 783 3213 placere
814 3129 952 3191 Domino
981 3127 1186 3203 arbitramur,
1218 3143 1249 3195 et
1280 3145 1316 3198 ut

355 3231 510 3327 {elffii}
528 3228 568 3293 ad
577 3229 777 3324 peculiarem
801 3229 955 3315 populum
979 3243 1130 3306 vestrum,
1151 3253 1209 3316 pro
1225 3233 1317 3320 cujus

367 3320 552 3421 necessitate
562 3340 595 3395 et
604 3331 868 3417 precibuspacem
881 3331 996 3395 robisa
1010 3332 1148 3396 Domino
1157 3335 1315 3401 credimus

367 3412 509 3523 undique
531 3434 745 3496 reformatam.
793 3436 921 3496 Moveat
954 3457 1009 3496 vos
1038 3433 1167 3499 devotio
1190 3439 1313 3523 populi,

366 3551 489 3601 moveat
516 3530 649 3600 affectus
674 3536 859 3613 liberorum,
888 3558 908 3597 a
934 3558 1072 3620 quorum
1103 3549 1232 3624 aspectu
1260 3541 1313 3605 vix

364 3639 575 3723 rigidissimus
596 3662 709 3725 parens
731 3652 836 3724 posset
859 3637 980 3701 tamdiu
1004 3639 1112 3703 oculos
1134 3640 1313 3706 continere:

365 3742 444 3805 fides
466 3755 591 3806 moveat
611 3742 800 3828 conjugalis,
827 3754 952 3805 moveat
973 3741 1139 3805 amoenitas
1156 3742 1313 3819 locorum,

364 3859 393 3908 et
409 3843 573 3907 affluentia
587 3843 784 3921 deliciarum,
801 3865 881 3930 quas
891 3864 953 3904 non
969 3840 1141 3904 sufficimus
1152 3864 1311 3907 enarrare:

362 3961 391 4010 et
407 3970 445 4010 ne
462 3947 623 4032 propriam
636 3961 862 4032 praetereamus
877 3965 1015 4020 causam,
1031 3956 1155 4007 moveat
1171 3944 1311 4009 animum

363 4059 499 4112 restrum
521 4048 674 4112 desolatio
690 4071 769 4127 mea,
786 4047 842 4133 qui
865 4069 932 4133 prae
956 4055 1048 4108 aetate
1069 4059 1100 4109 et
1123 4046 1314 4130 aegritudine

362 4148 573 4214 desideratum
585 4149 758 4213 adventum
772 4162 911 4213 vestrum
929 4147 982 4211 diu
1000 4170 1061 4212 non
1078 4161 1189 4234 potero
1200 4171 1313 4235 expec-

362 4262 434 4315 tare.
482 4251 561 4316 Pelli
594 4275 671 4316 meae
708 4253 905 4336 consumptis
939 4250 1088 4314 carnibus
1118 4251 1251 4315 adbaesit
1277 4276 1313 4314 os

359 4373 472 4429 meum,
490 4374 644 4414 recessum
664 4352 804 4415 minatur
819 4351 963 4436 spiritus,
977 4350 1076 4413 baeret
1093 4363 1198 4414 tamen
1213 4373 1310 4414 mem-
