3667 5475
432 828 472 887 82
690 838 825 883 ioannis
842 838 1121 884 sanusnnmuusrs
1293 816 1340 897 [A.
1359 843 1390 885 u,

433 991 562 1058 factoris
584 990 679 1056 vestri
700 1002 733 1054 et
757 988 887 1053 Domini
909 988 1042 1073 gloriam
1066 988 1269 1067 contrahatis,
1294 1012 1392 1076 poena

433 1096 566 1183 dignum
577 1106 635 1169 est,
646 1105 676 1157 et
689 1092 900 1178 proculdubio
911 1114 1007 1177 poena
1016 1090 1215 1157 acerbissima
1223 1092 1392 1177 punietur,

434 1184 532 1265 imino
548 1196 687 1263 Domino
709 1193 849 1280 propitio
866 1217 928 1257 non
948 1194 1112 1280 punietur,
1128 1194 1204 1279 quia
1226 1196 1298 1281 ipso
1321 1218 1393 1281 pro·

435 1300 570 1387 pitiaute
586 1321 646 1362 non
668 1297 733 1361 fiet.
778 1296 935 1361 Convenit
953 1319 1008 1361 vos
1026 1318 1160 1379 sponsus
1178 1296 1319 1362 ecclesiae
1334 1319 1394 1381 per

435 1426 471 1467 oa
493 1424 611 1477 meum,
631 1398 779 1463 convenit
802 1411 910 1483 pastor
927 1397 1080 1475 omniurn,
1100 1398 1246 1485 princeps
1263 1412 1394 1483 aposto-

436 1506 551 1581 lorum,
564 1507 688 1580 Petrus,
701 1515 849 1585 rogantes
863 1501 1027 1577 attentiuS,
1042 1518 1077 1565 nt
1088 1502 1113 1564 si
1129 1523 1182 1564 eos
1193 1500 1396 1587 principatus

436 1606 533 1671 vestri
555 1605 670 1670 habere
689 1604 788 1668 vultis
808 1616 973 1689 patronos,
992 1620 1024 1668 et
1042 1602 1216 1690 adjutores,
1232 1615 1395 1690 pastorem

435 1710 469 1775 in
484 1708 616 1775 ecclesia
627 1707 799 1773 Exoniensi
815 1706 990 1769 secundnm
1005 1707 1180 1770 Dominum
1192 1704 1297 1769 velitis
1308 1704 1395 1769 ordi-

437 1813 519 1890 nari,
533 1824 565 1876 et
583 1809 715 1874 eandem
736 1808 776 1872 de
796 1820 887 1872 tanto
904 1809 1074 1893 naufragio
1091 1807 1396 1911 eriperentudeatia.

437 1914 545 1979 Prima
553 1912 694 1977 omnium
705 1924 763 1988 est,
773 1911 825 1975 cui
837 1911 1045 1996 prospexistis
1054 1911 1086 1975 in
1098 1934 1205 1996 regno.
1228 1910 1398 1991 Attendat,

438 2016 464 2080 si
479 2015 593 2101 placet,
608 2013 751 2096 dignatio
766 2027 872 2077 vestra
893 2013 974 2100 quid
997 2015 1039 2079 sit
1054 2013 1168 2078 exinde
1190 2011 1398 2099 consequuta.

442 2118 552 2183 Nostia
573 2138 654 2202 quos
672 2115 807 2179 exclusit
824 2116 866 2179 ab
887 2117 1028 2194 ecclesia,
1046 2118 1102 2203 qui
1123 2129 1155 2181 et
1176 2116 1397 2181 columbarum

440 2218 621 2283 venditores
634 2218 738 2303 ejecit,
754 2230 784 2282 et
801 2218 884 2283 absit
902 2232 937 2283 ut
952 2220 1123 2305 quisquam
1138 2219 1284 2297 introeat,
1302 2242 1399 2305 quem

443 2319 592 2385 Christus
605 2318 746 2384 exclusit.
780 2323 971 2406 Sponsorem
983 2344 1034 2385 me
1047 2345 1108 2408 pro
1118 2324 1215 2387 Petro
1226 2320 1399 2400 constituo,

444 2422 636 2508 quiahonor
654 2422 794 2506 quernei
813 2423 1018 2498 exhibebitis,
1035 2424 1127 2489 vobis
1147 2424 1242 2489 etiam
1262 2426 1294 2487 in
1319 2446 1403 2509 prae-

443 2524 524 2589 senti
536 2523 720 2610 centuplata
735 2524 879 2589 mercede
894 2525 1058 2611 rependet.
1088 2526 1138 2591 Ad
1154 2526 1222 2590 haec
1238 2526 1402 2590 simorum

444 2624 581 2689 feceritis
601 2624 789 2709 longiorem,
805 2626 856 2689 vel
870 2626 1129 2690 archidiaconum
1149 2650 1265 2705 meum,
1281 2628 1309 2689 si
1328 2649 1402 2691 cum

444 2725 651 2793 indemnitate
666 2740 773 2792 vestra
788 2727 856 2791 lieri
871 2742 989 2815 potest,
1006 2728 1084 2794 mihi
1100 2728 1219 2794 remitti
1235 2741 1374 2813 quaeso.¹

533 2987 755 3051 EPISTOLA
777 2987 967 3049 LXV.-nn
983 3005 1157 3051 episcopos
1171 3005 1316 3053 aucun.

455 3170 860 3252 Venerabilibuafiotribus
874 3172 1036 3252 episcopie,
1051 3177 1082 3232 et
1101 3170 1263 3234 universis
1284 3173 1406 3237 Christi

538 3270 702 3352 fidelibus,
715 3291 775 3351 per
789 3271 942 3352 Angliom
958 3274 1140 3336 constitutis
1153 3273 1302 3336 salutem.

494 3430 673 3508 ΕΧΡΕΤΠΤ,
690 3441 725 3493 ut
745 3429 891 3507 audistis,
906 3430 1007 3494 hostis
1021 3431 1172 3516 antiquus
1186 3431 1406 3517 integritatem

452 3529 601 3607 ecclesiae,
626 3543 657 3594 et
681 3531 830 3597 omnibus
852 3531 989 3598 fallaciae
1009 3545 1041 3596 et
1063 3534 1216 3619 nequitiae
1239 3557 1307 3598 suae
1327 3534 1408 3600 inni-

454 3647 523 3701 tens
538 3633 672 3711 viribus,
682 3632 883 3699 insolubilem
897 3635 1018 3698 findere
1033 3635 1162 3699 molitus
1177 3649 1224 3701 cst
1240 3636 1407 3702 unitatem.

455 3741 617 3806 caeterum
632 3737 711 3803 foris
725 3750 771 3801 est
793 3737 976 3801 indeficiens
996 3737 1108 3825 pietas,
1125 3742 1207 3803 sicut
1230 3739 1273 3803 ad
1292 3740 1410 3826 proba·

454 3841 571 3905 tionem
600 3836 740 3903 fidelium
775 3838 929 3923 procellas
958 3838 1113 3923 praeridet
1150 3839 1334 3918 eminentes,
1365 3840 1411 3903 ita

455 3944 580 4006 easdem
597 3956 791 4025 emergentes
806 3953 837 4004 et
849 3938 1074 4005 invalescentes
1086 3941 1117 4003 in
1133 3964 1223 4005 usum
1237 3941 1410 4007 electorum

457 4043 575 4106 salubri
591 4041 824 4125 dispensatione
839 4055 1069 4127 contemperat:
1095 4055 1130 4107 ut
1146 4044 1201 4127 qui
1217 4044 1413 4108 erudiuntur

460 4143 492 4205 in
506 4164 611 4227 poena,
629 4141 756 4226 probati
779 4164 836 4226 per
859 4144 1080 4227 poenitentiam
1101 4158 1301 4208 coronentur.
1348 4145 1413 4221 Qui

461 4266 537 4327 ergo
560 4265 579 4303 a
602 4241 722 4304 malitia
741 4241 988 4309 inhabitantium
1012 4269 1103 4309 suam
1124 4246 1246 4310 turbari
1271 4244 1414 4331 permisit

462 4342 634 4421 ecclesiam,
649 4365 718 4406 cam
739 4345 877 4429 praecisis
893 4347 1041 4413 membris
1059 4347 1211 4434 putridis,
1225 4348 1294 4432 jam
1310 4345 1416 4410 immi·

464 4460 557 4514 nente
572 4467 627 4530 spe
640 4445 728 4530 pacis
745 4445 855 4532 incipit
871 4471 1025 4526 serenare,
1041 4452 1131 4553 etan
1139 4450 1244 4536 capite
1262 4449 1420 4541 ecclesia,
