3667 5475
447 757 484 817 14
702 763 837 808 JOANNts
853 763 1131 809 siansnrnmuus
1304 750 1351 829 [A.
1369 769 1399 813 n.

383 901 386 909 ¹
444 940 520 982 vero
533 916 683 1003 precibus
696 912 815 978 domini
832 916 915 997 regis
931 936 1035 992 causa,
1051 928 1223 1001 antequam
1240 919 1401 984 sententia

443 1019 592 1092 ferretur,
620 1015 732 1081 sortita
757 1027 804 1078 est
830 1012 1026 1079 dilationem.
1073 1015 1170 1080 Unde
1201 1032 1401 1085 memoratus

443 1117 603 1183 Ricardus
617 1126 756 1182 nostram
778 1115 974 1179 audientiam
995 1117 1185 1201 appellavit:
1208 1116 1273 1181 illis
1287 1133 1398 1185 autem

442 1222 494 1285 die
519 1220 650 1307 praefixa
674 1218 858 1304 conspectui
885 1231 994 1282 nostro
1019 1219 1209 1299 astantibus,
1235 1219 1400 1288 Ricardus

440 1322 672 1388 restitutionem
685 1321 752 1405 jam
764 1319 860 1383 dictae
874 1319 1015 1385 ecclesia
1026 1335 1149 1406 petens,
1159 1320 1397 1407 querimoniam

440 1420 642 1498 instauravit,
662 1420 841 1504 producens
863 1433 927 1484 tres
951 1433 1057 1498 testes,
1081 1422 1137 1507 qui
1161 1423 1243 1486 sicut
1267 1423 1299 1486 in
1325 1424 1400 1490 foro

440 1523 591 1611 episcopi,
620 1523 666 1588 ita
694 1536 726 1587 et
756 1525 788 1587 in
816 1521 980 1587 audientia
1007 1535 1115 1587 nostra
1141 1546 1214 1587 eum
1243 1528 1399 1591 canonice

440 1626 635 1702 institutum,
659 1638 691 1689 et
712 1624 778 1688 sine
796 1623 922 1709 judicio
945 1626 1080 1709 ejectum
1106 1626 1297 1691 asserebant.
1345 1632 1398 1693 Ad

439 1729 508 1793 haec
524 1727 607 1794 Rad.
622 1726 710 1813 quod
726 1726 757 1790 in
774 1725 942 1809 praesentia
959 1730 1098 1811 episcopi
1118 1740 1245 1811 gestum
1268 1742 1316 1793 est
1333 1730 1397 1795 sibi

439 1854 501 1895 non
517 1831 632 1895 debere
646 1830 756 1893 obesse
771 1827 946 1912 respondit,
963 1851 1065 1913 quum
1081 1842 1113 1892 et
1134 1828 1202 1913 ipse
1224 1843 1299 1894 ante
1314 1830 1398 1896 dila·

382 1945 389 1959 ·
437 1933 556 1997 tionem
582 1930 744 2007 meruerit,
770 1942 802 1992 et
828 1928 885 1991 illo
907 1930 1039 1994 absente
1065 1929 1230 2014 saepedicti
1253 1931 1322 1996 Ric.
1352 1934 1397 1998 ab

438 2034 589 2119 episcopo
611 2029 779 2093 inciviliter
805 2033 845 2094 sit
868 2044 997 2115 recepta
1018 2032 1177 2118 probatio.
1223 2030 1292 2097 lllis
1314 2056 1397 2120 ergo

437 2131 642 2208 instantibus,
657 2144 691 2195 ut
707 2153 726 2194 a
741 2131 833 2196 nobis
847 2156 885 2195 eo
899 2145 1056 2218 praesente
1067 2145 1099 2196 et
1115 2130 1264 2197 audiente
1279 2156 1393 2199 eorum

438 2234 586 2321 probatio
612 2234 817 2318 reciperetur,
841 2233 924 2298 Rad.
953 2234 1081 2297 duobus
1107 2234 1235 2299 testium
1259 2234 1396 2300 crimina

436 2339 468 2401 in
479 2336 609 2400 modum
619 2335 813 2418 exceptionis
822 2336 985 2420 opposuit,
996 2336 1143 2416 alterum,
1155 2337 1279 2401 scilicet
1291 2360 1396 2401 sacer-

436 2439 556 2515 dotem,
571 2436 678 2500 dicens
692 2436 841 2500 infamem
862 2459 1019 2523 reumque
1039 2436 1214 2513 homicidii,
1230 2449 1262 2502 et
1277 2436 1394 2501 falsifi-

350 2623 352 2626 .
435 2539 567 2605 cationis
596 2550 743 2613 monetae,
774 2539 951 2624 multisque
979 2538 1154 2602 latrociniis
1183 2537 1389 2605 involutum:

434 2641 570 2705 alterum
586 2660 661 2704 vero
685 2639 849 2703 Andream
873 2639 1033 2724 acolytum
1050 2661 1118 2704 esse
1133 2639 1266 2703 asseruit
1282 2640 1391 2703 homi-

435 2743 554 2809 cidam:
591 2743 721 2809 tertium
752 2764 827 2804 vero
858 2741 989 2827 reliquit
1018 2742 1185 2806 intactum.
1237 2741 1287 2806 Ad
1321 2744 1393 2808 haec

434 2871 565 2935 quoque
586 2846 717 2911 crimina
740 2844 976 2928 comprobanda
1002 2832 1187 2907 dilationem
1209 2843 1269 2907 sibi
1294 2847 1392 2929 petiit

435 2949 605 3034 indulgeri.
651 2950 718 3012 Nos
739 2947 848 3032 itaque
871 2969 919 3010 ne>
933 2969 995 3009 non
1019 2945 1160 3027 malitiae,
1182 2945 1236 3009 sed
1251 2947 1392 3031 justitiae

435 3072 530 3113 causa
551 3047 735 3111 dilationem
758 3059 865 3131 petere
889 3046 1064 3126 videretur,
1085 3047 1126 3110 ab
1150 3071 1188 3109 eo
1211 3047 1390 3132 legitimam

435 3148 600 3232 exegimus
614 3147 806 3222 cautionem,
822 3171 887 3232 qua
902 3148 995 3211 nobis
1016 3147 1112 3211 fidem
1128 3148 1258 3224 faceret,
1275 3171 1307 3211 se
1323 3172 1388 3214 non

433 3248 539 3313 animo
558 3247 763 3333 malignandi,
779 3261 836 3312 aut
859 3248 1072 3314 frustratoriae
1093 3248 1253 3313 dilationis
1275 3271 1392 3342 caussa

433 3371 501 3413 eam
514 3347 686 3433 postulare.
733 3351 841 3422 Quum
852 3373 957 3415 veroa
968 3350 1059 3414 nobis
1070 3350 1232 3415 dilationis
1248 3351 1386 3437 spatium

433 3448 518 3514 ultra
532 3450 713 3513 canonicam
729 3463 760 3515 et
781 3452 958 3534 legitimam
981 3452 1212 3528 definitionem,
1236 3475 1332 3537 quarn
1357 3457 1388 3516 ei

433 3550 654 3632 offerebamus,
668 3552 812 3616 obtinere
828 3576 890 3616 non
905 3567 1023 3640 posset,
1040 3554 1081 3617 ad
1096 3567 1233 3618 vestram
1249 3576 1387 3638 praesen-

433 3651 507 3718 tiam
518 3651 720 3739 appellavita
731 3653 835 3738 pridie
844 3654 906 3717 cal.
924 3654 1044 3738 Aprilis
1054 3655 1187 3741 praefixa
1204 3655 1385 3730 Dominica,

432 3777 498 3840 qua
508 3752 690 3818 cantabitur
700 3759 752 3820 Ad
765 3764 797 3818 te
812 3760 922 3821 lerruvi.
968 3761 1066 3821 Actor
1083 3779 1157 3820 vero
1173 3755 1213 3819 de
1228 3755 1383 3838 temporis

430 3856 613 3939 prolixitate
628 3870 778 3923 causatus
795 3859 968 3922 terminum
983 3859 1158 3924 coarctavit
1174 3858 1259 3922 diem
1270 3860 1385 3921 Pente-

432 3973 542 4025 costes.
