3667 5475
532 732 591 791 192
789 746 925 790 Joauurs
942 745 1221 790 saunssnernusrs
1387 730 1434 813 [a.
1453 748 1484 799 n.

630 893 693 945 Non
705 898 745 945 est
757 894 784 945 in
797 893 902 946 Medico
914 908 1016 964 semper
1027 892 1155 946 relevetur
1166 899 1196 945 nt
1208 911 1289 962 teger:

629 977 764 1029 Interdum
775 977 852 1029 docta
863 976 921 1047 plus
933 975 1004 1028 valet
1015 981 1071 1028 arte
1083 976 1190 1029 malurn.

561 1197 782 1261 EPISTOLA
808 1198 1063 1261 CXXXV.-an
1080 1216 1259 1261 ouroounrr
1278 1216 1444 1262 cerasan-

822 1314 959 1358 unusnsr
975 1314 1173 1359 episcorum.

716 1455 860 1519 Guidont‘
876 1454 1113 1517 catalaunensi
1128 1456 1282 1535 episcopo.

567 1591 718 1653 Gnarus
734 1610 794 1670 ago
810 1586 992 1671 paternitati
1008 1598 1130 1664 vestrae,
1146 1608 1219 1669 qnae
1235 1610 1286 1651 me
1301 1589 1334 1651 in
1359 1592 1477 1655 oblatae
1520 1624 1527 1639 ·

522 1691 751 1755 consolationis
766 1690 866 1772 gratia
882 1680 1012 1769 dignata
1024 1699 1072 1750 est
1086 1689 1273 1771 praevenire:
1297 1702 1329 1753 et
1345 1691 1477 1774 quidem

522 1796 611 1853 tanto
621 1812 671 1854 me
682 1799 783 1853 vestra
791 1787 972 1867 benignitas
984 1785 1025 1849 ad
1034 1787 1226 1868 obsequium
1236 1807 1329 1850 sunm
1338 1790 1476 1873 amplius

522 1891 684 1970 animavit,
699 1900 818 1974 quanto
835 1888 1011 1951 liberalitas
1026 1899 1127 1951 vestra
1144 1910 1210 1951 non
1227 1889 1322 1954 modo
1337 1912 1381 1953 ex
1395 1893 1476 1954 rela-

522 1992 609 2055 tione
631 1991 725 2054 amici
741 1990 835 2054 vestri
850 1989 975 2052 abbatis
990 1988 1093 2051 sancti
1107 1989 1258 2071 Remigii,
1274 2012 1384 2053 verum
1403 1992 1477 2075 ipsa

522 2092 627 2175 operis
649 2090 847 2154 exhibitione
872 2089 1000 2152 fidelius
1022 2090 1203 2155 innotescit.
1244 2092 1342 2154 Esset
1365 2104 1474 2156 autem

519 2189 681 2255 laudabile
695 2190 782 2275 apud
796 2190 954 2267 homines,
966 2200 999 2253 et
1013 2191 1119 2271 magni
1135 2192 1237 2254 meriti
1252 2190 1337 2275 apud
1353 2192 1473 2272 Deum,

520 2290 553 2352 in
564 2290 650 2353 ulnis
661 2288 887 2352 misericordiae
898 2289 1078 2352 venientem
1093 2286 1241 2372 excipere
1252 2291 1472 2373 peregrinum:

520 2389 578 2453 sed
602 2390 698 2470 longe
723 2388 893 2469 gloriosius
917 2400 950 2451 et
972 2389 1185 2472 proculdubio
1208 2392 1473 2454 remunerabilius

520 2500 571 2554 est
592 2492 734 2568 exulem,
752 2490 818 2552 imo
839 2510 898 2572 pro
924 2491 1077 2565 Domino,
1098 2502 1131 2553 et
1152 2487 1298 2555 libertate
1322 2492 1470 2555 ecclesiae

519 2592 705 2656 exulantem
728 2590 770 2653 ad
792 2592 949 2654 bonorum
972 2591 1173 2674 participium
1195 2592 1337 2655 invitare.
1382 2592 1471 2665 Quid

520 2713 596 2774 ergo
611 2690 653 2756 ad
668 2691 737 2755 haec
753 2689 955 2774 respondebo
971 2689 1103 2754 domino
1117 2689 1211 2755 meo?
1240 2690 1305 2756 Sed
1325 2691 1470 2774 profecto

384 2774 386 2777 Ι
430 2845 432 2848 ,
517 2793 641 2858 caritati
657 2801 767 2855 vestrae
785 2789 992 2874 respondebit
1005 2791 1199 2867 Altissimus,
1215 2793 1272 2875 qui
1285 2814 1352 2855 non
1370 2792 1469 2857 modo

517 2914 615 2977 opera
634 2914 795 2970 manuum,
811 2893 867 2954 sed
889 2892 979 2955 uberi
997 2892 1201 2956 retributione
1221 2894 1255 2954 in
1272 2894 1383 2956 electis
1400 2893 1468 2957 suis

515 2996 634 3057 bonam
649 3006 828 3058 remunerat
843 2994 1049 3056 voluntatem.
1089 2996 1133 3071 Is,
1148 2985 1347 3057 serenissime
1362 3004 1465 3078 pater,

513 3093 542 3156 is
563 3115 659 3177 super
680 3115 737 3156 vos
758 3093 879 3175 aperiet
902 3095 1014 3156 oculos
1039 3094 1263 3156 misericordiae
1288 3115 1365 3169 suae,
1390 3095 1467 3181 quia

513 3214 569 3256 vos
587 3194 620 3254 in
637 3215 688 3256 me
705 3208 832 3275 apertos
846 3194 959 3255 oculos
976 3194 1141 3256 habuistis.
1178 3195 1251 3274 Ego
1265 3216 1351 3269 vero,
1367 3217 1466 3277 quam

513 3295 579 3356 cito
593 3305 706 3375 potero
728 3292 883 3375 expediri,
898 3295 1021 3357 neniam
1040 3295 1081 3357 ad
1097 3317 1153 3358 vos
1173 3295 1326 3377 gaudena,
1342 3298 1368 3359 si
1382 3297 1464 3360 mihi

512 3412 662 3473 umquam
683 3389 835 3452 divinitus
854 3393 1006 3455 collatum
1028 3394 1132 3471 luerit,
1150 3406 1185 3456 ut
1207 3406 1318 3458 vestrae
1340 3397 1462 3460 valeam

513 3491 645 3574 obsequi
661 3491 824 3554 voluntati.

551 3764 772 3830 EPISTOLA
795 3763 1127 3828 carme-mm
1142 3784 1282 3828 sanaris
1300 3784 1417 3828 sruom

700 3881 838 3925 aaaron
852 3880 975 3924 ansam
990 3880 1108 3925 sauorr
1123 3883 1264 3927 suanm.

550 4019 737 4078 Amconurr
763 4011 861 4074 fidem
883 4012 1034 4075 articulus
1060 4010 1260 4077 necessitatis
1284 4016 1458 4089 examinat,

505 4128 538 4182 et
548 4135 612 4196 qua
621 4112 758 4195 quisque
770 4112 981 4175 moveatured
993 4112 1089 4176 aliurn
1102 4115 1272 4178 affectione
1286 4116 1457 4179 convincit.

505 4215 609 4280 Nobis
617 4211 796 4291 autem‚qui
802 4211 995 4293 jampridem
1007 4224 1107 4278 totum
1118 4216 1259 4278 animum
1272 4215 1458 4279 devovimus

502 4313 657 4396 obsequio
673 4316 787 4388 vestro,
809 4310 1023 4396 devotumque
1048 4315 1189 4377 Domino
1205 4327 1334 4380 anctore
1355 4315 1458 4378 invio·
