3667 5475
443 772 486 833 60
702 782 840 828 ioannis
855 781 1133 827 sanaem-:manus
1298 764 1346 844 [A.
1363 784 1395 829 n

441 933 591 1002 latissime
612 946 734 1022 patent,
758 948 790 998 et
819 933 913 1020 plane
936 932 1085 998 videbitis
1114 932 1292 1019 petentium
1316 935 1398 999 talia

439 1038 649 1125 improbatam
687 1059 753 1100 esse
789 1033 984 1122 petitionem,
1015 1049 1047 1099 et
1078 1056 1189 1099 eorum
1223 1036 1281 1121 qui
1315 1037 1398 1101 tales

437 1139 586 1218 audiunt,
607 1137 774 1201 durissime
794 1136 1001 1221 plectendum
1018 1159 1085 1200 esse
1099 1157 1271 1203 assensum.
1320 1139 1396 1203 Non

437 1254 485 1306 est
500 1240 629 1305 relictus
644 1239 735 1303 nobis
763 1238 985 1302 dissimulandi
1001 1238 1098 1314 locus,
1120 1238 1199 1323 quia
1213 1237 1247 1302 in
1262 1240 1397 1304 consilio

433 1340 1396 1425 ·Lateranensi,cuinosetvos,fraterEpiscope,interfuimus,

438 1444 567 1510 domino
591 1442 778 1507 Innocentio
801 1441 991 1529 praesidente
1006 1441 1199 1522 audivimus,
1213 1456 1289 1506 vota
1305 1444 1397 1522 talia,

439 1545 643 1635 promulgato
658 1567 776 1609 canone
791 1543 1004 1609 condemnari.
1052 1543 1114 1607 Sed
1134 1544 1217 1608 forte
1233 1546 1323 1631 regia
1338 1568 1398 1610 nos

440 1661 533 1734 urget
546 1647 731 1726 auctoritas,
746 1660 832 1711 recte
852 1646 982 1731 quidem
998 1646 1057 1710 nisi
1075 1645 1198 1711 sciretis
1216 1648 1396 1713 Dominum

437 1750 556 1815 bomini
572 1749 819 1836 praeferendum,
835 1748 896 1810 nisi
911 1747 1023 1833 religio
1046 1746 1206 1833 Principis
1219 1748 1321 1834 possit
1337 1748 1397 1813 cir-

442 1853 629 1934 cumveniri,
644 1851 703 1913 nisi
719 1872 777 1934 per
797 1850 1032 1935 subreptionem
1049 1851 1090 1912 ab
1105 1874 1142 1912 eo
1157 1850 1309 1915 nonnulla
1328 1874 1397 1917 esse

437 1967 574 2030 extorta,
594 1955 662 2039 jam
686 1951 826 2015 fuissetis
849 1952 983 2037 experti.
1030 1955 1163 2017 Summa
1178 1974 1254 2036 ergo
1269 1953 1394 2017 consilii

437 2056 539 2120 nostri
562 2056 629 2118 baec
652 2066 710 2129 est,
733 2067 771 2115 nt
797 2052 859 2137 legi
884 2053 1014 2117 Domini
1034 2067 1065 2117 et
1089 2054 1184 2117 sacris
1205 2055 1395 2135 canonibus,

434 2160 531 2243 juxta
547 2154 771 2243 professionem
787 2170 924 2218 vestram
942 2155 1192 2241 obtemperetis:
1216 2168 1247 2220 et
1263 2156 1392 2241 quoties

438 2281 495 2322 vos
509 2261 588 2321 tales
603 2256 761 2341 augustiae
777 2257 960 2342 presserint,
971 2257 1109 2321 incidere
1121 2258 1152 2320 in
1164 2279 1280 2322 manus
1293 2258 1394 2322 homi-

435 2381 528 2437 num,
554 2379 651 2444 quam
679 2358 741 2420 Dei
762 2358 909 2433 viventis,
935 2359 1038 2423 tutius
1049 2358 1212 2443 judicetis.
1257 2357 1320 2421 Sed
1344 2372 1392 2424 est

437 2459 543 2524 forsan
553 2458 638 2523 unde
649 2458 826 2523 merueritis
836 2481 932 2545 super
943 2457 1391 2545 successionibushujusmodi

393 2577 395 2582 ’
437 2560 556 2641 vexari,
578 2560 720 2646 eoquod
743 2560 775 2624 in
796 2560 943 2625 fraudem
959 2583 1116 2625 canonum
1131 2561 1172 2625 ad
1187 2560 1341 2627 cessiones
1360 2575 1392 2627 et

439 2661 683 2729 substitutiones
697 2661 825 2728 illicitas
839 2662 972 2727 nimium
988 2662 1080 2750 proni
1095 2662 1180 2729 estis.

732 2995 961 3061 Enetum
983 2999 1089 3092 nvn.

441 3134 618 3199 Troiam·
631 3132 880 3196 cantuariensis
891 3131 1125 3216 archiepiscopi
1142 3133 1390 3197 Testamentum..

478 3268 651 3331 Sueltensss
673 3262 886 3326 deficientium
904 3263 1126 3331 voluntatibus
1148 3288 1243 3330 suum
1265 3289 1388 3331 accom-

434 3365 566 3430 modant
583 3365 660 3449 jura
675 3365 826 3445 favorem,
842 3378 873 3429 et
891 3366 924 3429 in
941 3389 973 3429 se
991 3368 1079 3431 reiut
1101 3368 1295 3431 inhumanus
1316 3391 1391 3456 pro-

435 3479 527 3530 vocat
541 3465 620 3529 iram
644 3467 786 3543 Domini,
802 3468 858 3552 qui
881 3468 942 3553 piis
957 3491 1066 3532 eorum
1091 3469 1254 3533 desideriis
1272 3470 1388 3536 obvius

432 3567 630 3633 contradicit.
676 3570 794 3633 Nostra
823 3569 954 3655 quidem
985 3570 1131 3636 voluntas
1163 3584 1222 3649 est,
1250 3584 1283 3637 et
1314 3596 1391 3658 quae

432 3670 572 3736 Domino
593 3685 721 3737 auctore
744 3693 919 3757 numquam
945 3673 1136 3751 mutabitur,
1164 3685 1201 3738 ut
1224 3673 1387 3739 residuum

433 3775 590 3839 bonorum
616 3788 797 3839 nostrorum
823 3772 1002 3853 mobilium,
1024 3795 1097 3859 quae
1126 3787 1257 3861 propter
1283 3797 1392 3840 neces-

432 3878 540 3943 sitates
554 3876 758 3952 domesticas,
775 3889 807 3939 et
830 3875 1077 3940 diuturnitatem
1099 3876 1262 3964 languoris
1285 3900 1389 3964 usque

434 3980 475 4043 ad
499 3981 621 4044 exitum
638 3982 715 4043 vitae
736 3978 889 4042 duximus
912 3980 1138 4059 conservanda,
1154 3980 1187 4043 in
1209 4001 1286 4044 usus
1308 4003 1391 4066 pau·

434 4102 548 4166 perum
560 4082 688 4142 omnino
699 4079 823 4155 cedant,
837 4079 1011 4144 secundum
1023 4081 1110 4167 quod
1124 4081 1216 4146 nobis
1228 4083 1390 4146 Dominus

435 4179 612 4267 inspiravit,
633 4193 665 4242 et
693 4179 775 4242 sicut
802 4179 949 4244 dedimus
975 4185 1005 4245 in
1033 4183 1193 4247 mandatis
1216 4184 1389 4248 venerabili

433 4281 525 4346 fratri
543 4292 651 4344 nostro
667 4277 811 4342 Waltero
826 4280 968 4344 Roffensi
991 4285 1166 4370 Episcop0,
1183 4297 1214 4348 et
1237 4283 1388 4348 fidelibus

433 4383 561 4460 nostris,
577 4379 727 4466 Philippo
741 4379 927 4445 cancellario
942 4395 1061 4467 nostro,
1075 4386 1228 4471 magistro
1245 4383 1388 4451 Radulfo
