3667 5475
436 764 501 823 980
673 774 808 819 roardus
824 772 1101 822 atussaaaruusrs
1293 755 1339 836 [a.
1356 774 1389 820 n.

438 928 517 1013 ejus,
532 927 586 1010 qui
602 926 631 989 ei
646 926 801 992 successit
815 926 847 989 in
863 946 1009 1005 ragnum,
1024 925 1158 994 totidem
1173 926 1268 990 misit
1313 926 1389 992 Rex

437 1029 631 1093 Francorum
655 1027 877 1094 cantuariensi
902 1028 1145 1112 archiepiscopo
1171 1028 1390 1111 patrocinatur

437 1128 471 1191 in
493 1128 653 1204 omnibus,
669 1138 701 1192 et
721 1149 794 1192 eum
817 1128 919 1212 magis
940 1139 1106 1193 veneretur
1129 1150 1226 1213 quam
1251 1128 1394 1208 fratrem,

438 1252 509 1315 quae
530 1241 634 1295 autem
656 1230 741 1294 circa
765 1232 940 1311 auglorum
967 1230 1087 1294 curiam
1112 1230 1314 1305 innovantur,
1330 1226 1387 1294 ubi

436 1354 538 1397 rerum
566 1333 685 1397 crebrae
715 1332 908 1395 mutationes
933 1342 1019 1409 sunt,
1042 1332 1133 1395 vobis
1160 1332 1287 1396 notiora
1315 1352 1386 1396 esse

436 1433 569 1499 arbitror
590 1454 686 1516 quam
708 1433 811 1497 nobis.
856 1434 973 1514 vigeat
986 1443 1018 1496 et
1037 1444 1240 1518 prosperetur
1259 1434 1294 1496 in
1318 1434 1387 1497 Do·

436 1535 526 1599 mino
539 1534 713 1618 paternitas
727 1546 839 1611 vestra,
854 1545 886 1598 et
904 1555 966 1598 nos
986 1545 1169 1598 sauctorum
1190 1535 1388 1599 orationibus

438 1635 565 1703 studeat
594 1633 829 1712 commendare,
853 1644 890 1697 ut
917 1655 977 1698 nos
1006 1636 1209 1699 consolentur
1237 1635 1272 1698 in
1301 1634 1388 1698 omui

436 1737 640 1803 tribulatione
668 1746 786 1800 nostra.
845 1735 1056 1799 Revertamur
1091 1745 1196 1800 autem
1227 1757 1330 1820 quum
1357 1736 1387 1801 ei

436 1840 603 1925 placuerit,
625 1839 681 1923 qui
705 1860 765 1901 nos
781 1838 960 1919 segregavit
979 1837 1021 1902 ad
1044 1838 1252 1914 exulandum,
1274 1850 1309 1906 et
1329 1860 1387 1923 pro

438 1963 513 2025 quo,
549 1951 706 2025 quatenus
741 1938 772 2002 ei
808 1937 1047 2020 beneplacitum
1084 1938 1188 2016 luerit,
1222 1939 1387 2003 voluntate

435 2041 672 2125 promptissima
697 2039 897 2105 decrevimus
926 2040 1067 2118 exulare,
1096 2049 1129 2103 et
1157 2038 1291 2104 adversa
1318 2040 1386 2124 pati

436 2162 508 2224 quaa
517 2141 659 2224 jusserit,
674 2153 706 2205 et
724 2139 766 2205 ad
786 2141 858 2204 hrec
876 2140 1066 2224 vperferenda
1088 2140 1283 2204 roboraverit
1296 2140 1384 2205 infir·

435 2241 576 2307 mitatem
597 2252 749 2304 nostram.
793 2240 861 2305 Det
879 2242 1002 2306 utinam
1022 2262 1080 2306 sua
1100 2242 1201 2323 gratia
1220 2241 1385 2324 patientie

435 2340 708 2425 perseverantiam,
724 2342 779 2425 qui
801 2340 944 2424 indignis
962 2363 1021 2425 pro
1036 2363 1071 2406 se
1085 2341 1229 2426 patiendi
1249 2342 1388 2408 contulit

436 2438 654 2509 voluntatem!
1101 2496 1106 2501 .

479 2545 593 2609 Valeat
606 2564 664 2627 pro
680 2555 753 2608 voto
767 2555 800 2609 et
813 2545 956 2609 oratione
972 2566 1054 2622 mea,
1066 2545 1258 2623 ecclesiast
1271 2544 1387 2613 domur

436 2656 538 2712 vestra
562 2655 639 2723 tota,
664 2658 697 2713 et
719 2667 829 2711 omnes
853 2647 907 2731 qui
931 2646 1197 2711 intercessionum
1225 2646 1387 2713 beneficio

434 2748 672 2815 communicant
685 2749 868 2815 necessitati
883 2760 1009 2814 nostra.

455 3025 673 3091 EPISTOLA
700 3028 937 3092 CXLVl.-an
952 3046 1106 3094 rosunum
1122 3046 1371 3095 mor-amaneum

690 3146 888 3192 anrscorunr.
915 3128 1123 3210 [s.n.1166.]

730 3262 871 3325 Domino
885 3262 1080 3326 Pictovemi.

449 3432 453 3438 ,
474 3371 580 3433 Lros‘r
597 3369 684 3452 apud
707 3391 767 3433 nos
788 3372 914 3434 fortuna
936 3394 1089 3436 novorum
1111 3395 1234 3457 parens,
1250 3376 1384 3441 etfama

433 3471 542 3534 nutrix
556 3481 588 3535 et
608 3472 814 3556 propagatrix
836 3485 1005 3537 eventuum
1021 3496 1163 3538 verorum
1178 3487 1211 3539 et
1224 3476 1384 3554 fictorum,

432 3573 510 3636 nihil
527 3574 747 3638 renovaverint
760 3575 860 3639 relatu
875 3574 1019 3656 dignum,
1035 3587 1067 3640 et
1080 3576 1169 3661 quod
1184 3578 1274 3641 vobis
1288 3598 1383 3662 opor-

431 3677 527 3740 tuerit
548 3676 699 3752 intimari,
722 3676 885 3739 scribendi
906 3687 1012 3740 tamen
1034 3679 1254 3742 necessitatem
1276 3700 1384 3743 rumor

431 3777 530 3841 tristis
544 3778 677 3854 invexit,
693 3788 725 3840 et
741 3799 805 3861 quo
820 3786 895 3858 post
910 3777 1087 3843 discessum
1103 3782 1191 3858 boni,
1206 3790 1239 3844 et
1257 3784 1381 3846 utinam

433 3898 559 3960 semper
593 3878 680 3942 beati
713 3877 835 3941 domiui
865 3878 980 3956 nostri‚'
1012 3879 1092 3941 nihil
1121 3881 1263 3958 omnino,
1294 3879 1381 3964 quod

431 3980 535 4041 verbis
564 3979 644 4041 meis
681 3980 841 4042 Dominus
878 3989 911 4042 ct
947 3980 1145 4045 conscientia
1181 3991 1381 4060 attestantur,

431 4076 550 4140 tristius
573 4077 681 4139 audivi
708 4080 756 4141 vel
778 4079 852 4157 vidi,
878 4079 1024 4163 quamvis
1044 4101 1113 4143 sors
1137 4101 1208 4143 mea
1227 4081 1380 4162 periculis

430 4173 711 4257 cunctisexposita
721 4178 764 4240 sit
774 4188 806 4239 et
815 4177 940 4261 jactata
950 4179 1100 4263 procellis
1111 4179 1381 4259 indesinentibus,

430 4275 471 4339 ab
487 4294 526 4337 ea
545 4272 610 4349 die,
630 4296 694 4357 qua
714 4287 836 4359 patrem
854 4279 949 4341 nobis
972 4288 1003 4341 et
1024 4278 1190 4341 dominum
1211 4279 1380 4361 dispositio

429 4375 540 4441 divina
554 4375 720 4439 subtraxit.
768 4377 933 4460 Siquidem
955 4381 1033 4444 socii
1051 4381 1162 4459 nostri,
1177 4381 1233 4464 qui
1249 4380 1383 4444 Parisiis
