3667 5475
518 753 581 813 πε
778 761 913 807 marris
929 758 1206 811 mnasnrarsusrs
1380 742 1427 826 [a.
1446 762 1485 809 n.

520 930 554 985 et
573 926 679 981 vestra
700 915 854 998 recipere,
868 924 902 977 et
922 924 1108 990 vestrorum,
1130 911 1306 979 dummodo
1327 913 1423 977 vobis
1447 926 1486 981 et

518 1019 584 1083 illis
597 1016 752 1081 securitas
764 1026 962 1099 procuretur,
976 1027 1009 1077 et
1024 1014 1162 1078 ecclesia
1176 1015 1209 1077 in
1233 1036 1304 1078 eam
1327 1015 1483 1080 restitus„

519 1129 571 1185 tur
583 1119 774 1193 libertatem,
786 1118 821 1180 in
836 1127 978 1200 quaerat
991 1127 1163 1199 antequam
1177 1116 1280 1199 ipsam
1294 1115 1484 1199 iniquitatis

520 1220 616 1305 hujus
637 1219 779 1303 procella
797 1228 994 1295 concuteret,
1009 1239 1111 1302 eoque
1133 1218 1309 1282 modestius
1330 1219 1480 1283 mriben·

521 1321 609 1400 dum,
637 1330 670 1384 et
698 1320 899 1384 conditiones
931 1341 1048 1384 censeo
1083 1320 1271 1400 exigendas,
1300 1342 1365 1405 quo
1395 1320 1480 1385 mihi

521 1423 638 1491 certior
664 1443 736 1486 esse
762 1420 873 1487 videor
897 1423 1023 1487 animos
1048 1422 1285 1486 adversantium
1314 1421 1481 1486 Ecclesia

521 1524 656 1589 Domini
680 1524 727 1587 sic
752 1522 917 1587 induratos
937 1544 1017 1597 esse,
1040 1532 1075 1585 ut
1096 1524 1217 1585 nullam
1240 1523 1373 1586 omnino
1397 1541 1476 1587 cous

522 1626 677 1691 ditionem
706 1625 887 1701 admittant,
914 1624 978 1687 nisi
1016 1645 1088 1707 quaa
1117 1624 1265 1688 ecelesiae
1293 1625 1476 1690 libertatem

520 1736 651 1803 evertat,
680 1736 714 1789 et
742 1736 890 1803 vestram,
919 1737 952 1789 et
989 1724 1132 1787 omnium
1169 1735 1314 1789 nostrum
1343 1726 1480 1794 subruat

520 1827 730 1892 honestatem.
774 1826 936 1907 Scriptum
963 1836 1069 1888 tamen
1100 1836 1231 1889 eatenus
1259 1824 1415 1908 proderit,
1440 1835 1479 1893 ut

521 1930 615 1993 vobis
637 1929 679 1993 sit
700 1937 811 1992 contra
836 1927 1048 2008 malignantes
1076 1927 1247 2008 episcopos
1272 1927 1307 1989 in
1332 1930 1477 1992 testimo·

521 2030 623 2114 pium,
646 2040 678 2093 et
702 2027 860 2092 modestia
885 2038 998 2105 vestra,
1021 2026 1109 2111 quod
1134 2028 1305 2110 plurimum
1331 2028 1479 2116 expedit,

520 2132 674 2203 omnibus
687 2131 874 2193 innotescat

567 2231 601 2295 si
620 2252 704 2306 vero,
725 2229 813 2312 quod
832 2250 900 2293 non
921 2251 1027 2313 spero,
1045 2230 1091 2293 illi
1112 2230 1181 2295 haec
1202 2234 1269 2314 regi
1288 2232 1477 2305 obtulerint,

522 2332 647 2415 etipse
672 2329 873 2399 conditiones
898 2330 1074 2405 admiserit,
1101 2334 1268 2416 usquead
1291 2332 1475 2397 cautionem

524 2432 715 2514 securitatis,
727 2452 792 2494 non
807 2430 934 2500 ridetur
956 2432 1034 2494 mihi
1057 2432 1145 2515 quod
1166 2454 1224 2497 vos
1244 2434 1278 2497 in
1298 2436 1397 2497 verbo
1419 2433 1479 2501 illo

523 2535 618 2598 nimis
628 2535 833 2618 scrupulosos
845 2554 914 2596 esse
926 2532 1089 2616 expediat,
1101 2534 1276 2598 dummodo
1287 2535 1474 2619 imperatrix

458 2646 470 2657 “
523 2646 555 2699 et
569 2634 830 2717 archiepiscopus
845 2654 881 2695 se
895 2633 1110 2715 interponant,
1125 2644 1158 2696 et
1171 2655 1227 2697 rex
1242 2635 1479 2717 protestatione

523 2737 654 2822 publica
668 2748 701 2819 et
714 2736 870 2818 scriptura
885 2745 1015 2817 patemo
1030 2755 1087 2796 vos
1101 2744 1134 2797 et
1148 2748 1266 2799 rastros
1273 2737 1391 2822 jubeat
1405 2757 1480 2801 esse

523 2860 661 2905 securos.
707 2828 793 2911 Quid
815 2837 903 2898 enim
928 2835 955 2897 si
980 2837 1070 2898 Deus
1095 2837 1155 2901 hac
1180 2837 1399 2902 sollicitudine
1421 2861 1479 2903 vos
1522 2847 1546 2858 ‘'

523 2939 698 3006 exercitare
707 2936 893 3013 decreuerit,
905 2947 942 3000 ut
952 2938 1067 3007 vivatis
1080 2938 1113 3008 in
1126 2938 1234 3002 medio
1244 2939 1479 3017 insidiantium,

523 3053 556 3105 et
569 3039 779 3103 obsideamini
795 3041 836 3102 ab
859 3039 924 3101 illis
947 3037 1001 3122 qui
1022 3050 1169 3121 quaerunt
1183 3040 1322 3102 animam
1338 3051 1477 3104 vestram

523 3155 560 3206 ut
584 3141 731 3206 auferant
754 3140 847 3204 eam?
887 3144 1004 3211 Nonne
1028 3163 1070 3205 ex
1095 3163 1193 3205 causa
1219 3142 1378 3204 consimili
1402 3143 1479 3220 Gad

526 3244 685 3324 Propheta
704 3241 811 3304 David
832 3242 1088 3323 peregrinantem
1109 3265 1128 3305 a
1146 3243 1226 3306 facie
1248 3243 1353 3306 Saulis
1372 3244 1481 3307 redire

523 3343 655 3414 monuit,
682 3353 715 3403 et
740 3341 895 3422 compulit
917 3343 952 3403 in
977 3344 1134 3422 Judaeum,
1161 3357 1196 3407 ut
1221 3345 1250 3406 ei
1272 3345 1476 3408 inimicorum

523 3439 648 3502 insidiae
677 3439 717 3501 ad
742 3440 896 3503 exercitia
920 3442 1068 3518 virtutum
1098 3443 1298 3525 proficerent,
1323 3455 1357 3507 et
1382 3445 1475 3508 meri-

523 3556 626 3615 torum
641 3540 781 3620 insignia
797 3541 843 3603 sic
859 3541 976 3604 clarius
992 3542 1170 3606 radiarenti

567 3643 632 3706 Sed
655 3653 765 3724 arguet
789 3641 861 3724 quis
886 3641 1014 3704 sortasse
1042 3643 1250 3713 temeritatem
1274 3643 1372 3728 hujus
1398 3667 1475 3710 oon·

523 3746 597 3824 silii,
628 3756 725 3828 caput
753 3752 890 3805 vestrum
921 3741 1092 3814 hostilibus
1126 3744 1242 3824 gladiis
1271 3745 1475 3827 objectantis,

524 3848 673 3930 dicetque
699 3844 899 3908 commodius
922 3865 1004 3921 esse,
1029 3856 1062 3907 et
1088 3846 1224 3925 cautius,
1249 3856 1476 3927 expectarent
1535 3833 1537 3836 ⁵

523 3946 706 4031 peregeritis
728 3945 961 4028 poenitentiam,
976 3945 1052 4028 quia
1074 3968 1116 4009 ex
1139 3946 1338 4027 conscientia
1359 3967 1475 4030 pccca-

523 4062 626 4109 torum
648 4047 790 4109 nondum
813 4048 880 4130 apti
902 4049 979 4111 estis
1003 4050 1161 4130 martyrio.
1211 4049 1262 4111 Ad
1287 4049 1373 4132 quod
1400 4072 1474 4131 ego:

509 4150 629 4211 Nemo
645 4168 711 4207 non
732 4158 826 4228 aptus
841 4159 900 4225 est,
916 4151 977 4212 nisi
1001 4148 1057 4232 qui
1077 4173 1141 4213 non
1157 4152 1223 4213 vult
1243 4152 1310 4232 pati
1330 4171 1389 4232 pro
1411 4152 1475 4216 fide

524 4262 555 4311 et
570 4246 720 4330 oporibus
743 4246 830 4321 fidei,
845 4251 995 4329 parvulus
1018 4251 1058 4312 sit
1074 4273 1115 4312 an
1131 4249 1269 4326 adultae,
1284 4252 1305 4314 J
1308 4251 1421 4316 udaeus
1435 4274 1476 4315 an

524 4348 672 4424 (lorrtiliS,
689 4347 890 4410 Christianus
914 4371 954 4411 an
976 4350 1127 4427 infidelis,
1144 4352 1188 4413 vir
1209 4372 1249 4414 an
1273 4353 1398 4431 mulier,
1413 4374 1478 4424 non
