3667 5475
490 792 553 851 166
745 803 881 849 Josunrs
897 802 1177 850 saansaaansums
1353 788 1402 865 [s.
1417 805 1450 852 n.

489 954 639 1041 precibus
653 954 784 1018 domino
806 952 1004 1020 cancellario
1024 954 1110 1039 regis
1132 953 1364 1033 commisimus,
1379 979 1453 1041 ego,

489 1069 522 1121 et
548 1055 765 1121 thesaurarius
790 1056 1015 1132 Eboracensis‚
1037 1078 1141 1143 nuper
1169 1077 1281 1120 sanum
1308 1057 1341 1121 in
1366 1059 1454 1124 bono

491 1170 578 1223 statu
592 1158 746 1234 vidimus
761 1157 833 1222 licet
849 1158 890 1221 ab
906 1158 1127 1223 exactionibus
1142 1159 1228 1243 regis
1243 1181 1306 1223 non
1320 1161 1451 1225 omnino

493 1262 593 1345 possit
608 1282 676 1323 esse
690 1259 850 1323 immunis.

538 1430 774 1495 EPISTOLA
798 1429 1027 1493 CXV11.-sn
1040 1449 1271 1494 mnxsnnasu
1287 1451 1408 1496 ranan.

740 1547 877 1610 Domino
892 1546 994 1629 Popoe
1010 1545 1206 1611 Atesandro.

539 1662 661 1741 Canas,
676 1684 750 1747 qnae
766 1664 903 1726 vertitur
916 1661 1001 1725 inter
1018 1661 1162 1725 Suanum
1175 1674 1208 1727 et
1221 1661 1454 1741 Baldevinum‚

496 1761 683 1837 sacerdotes,
704 1784 800 1847 snper
823 1760 954 1825 ecclesia
975 1761 1017 1824 de
1041 1761 1211 1828 Chiltedic.
1233 1764 1274 1828 ab
1295 1762 1455 1829 auditorio

496 1862 683 1929 venerabilis
694 1862 802 1927 fratris
813 1862 912 1926 nostri
920 1862 1052 1927 Ricardi
1061 1863 1293 1929 Londoniensis
1302 1864 1456 1951 episcopi,

496 1964 717 2051 appellationis
728 1963 850 2028 auxilio
862 1963 902 2027 ad
914 1978 1056 2027 nostram
1073 1976 1175 2028 tracta
1190 1977 1238 2031 est
1250 1963 1456 2033 audientiam.

498 2068 628 2153 Agebat
649 2067 760 2153 itaque
783 2080 977 2129 memoratus
999 2066 1128 2129 Suanus
1145 2079 1182 2131 ut
1200 2067 1268 2153 jam
1289 2066 1376 2131 diota
1397 2066 1457 2142 sibi

497 2166 721 2232 restitueretur
735 2165 875 2246 ecclesis,
890 2190 956 2252 qua
979 2190 1012 2231 se
1035 2168 1230 2254 querebatur
1252 2191 1319 2232 esse
1337 2170 1457 2255 injuste

498 2276 532 2332 et
556 2269 623 2332 sine
648 2267 772 2355 jndicio
801 2268 1006 2347 destitutum,
1030 2269 1087 2356 qni
1116 2269 1266 2335 vicarium
1295 2293 1390 2333 suum
1421 2285 1457 2335 ut

499 2368 625 2434 dicebat
645 2373 799 2434 violenter
814 2370 994 2455 expulerat.
1039 2370 1240 2436 Baldevinna
1254 2370 1294 2434 ad
1316 2371 1385 2436 haec
1409 2371 1458 2437 di-

499 2472 614 2536 latoris
639 2470 824 2557 exceptione
850 2471 1010 2559 opposita,
1032 2496 1064 2536 se
1090 2494 1186 2557 super
1207 2485 1382 2537 memorata
1407 2496 1459 2537 ec-

500 2572 595 2637 clesia
624 2573 665 2637 de
688 2573 765 2660 jure
794 2574 955 2637 conveniri
985 2597 1049 2639 non
1083 2596 1175 2657 posse
1211 2574 1349 2650 dicebat,
1380 2575 1460 2640 citra

500 2673 732 2740 restitutionem
750 2672 907 2737 bonorum
922 2673 1065 2760 ejusdem
1081 2672 1233 2754 ecclesiae,
1248 2694 1323 2760 quae
1343 2674 1405 2740 sibi
1428 2675 1460 2739 vi

500 2791 533 2841 et
547 2777 661 2841 fraude
677 2775 803 2863 praefati
815 2775 914 2840 Suani
926 2775 1052 2840 dicebat
1064 2774 1187 2840 ablata:
1212 2790 1343 2860 paratus
1354 2788 1459 2841 tamen

501 2877 541 2940 de
552 2878 720 2965 principali
732 2877 860 2962 negotio
870 2879 1062 2963 respondere
1072 2880 1098 2942 si
1112 2879 1239 2942 Suanus
1248 2877 1459 2942 innocentiam

503 3001 593 3043 suam
609 2980 715 3043 delato
735 2981 795 3043 sibi
813 2981 999 3063 juramento
1022 2992 1186 3065 purgaret.
1233 2983 1361 3046 Suanus
1384 3001 1459 3042 vero

503 3101 560 3142 nec
587 3081 693 3143 subire
721 3081 821 3144 voluit
841 3080 1018 3166 juramenti
1044 3081 1226 3162 discrimen,
1249 3104 1307 3145 neo
1332 3081 1459 3157 referre,

503 3204 644 3244 asserens
673 3182 798 3266 jndicio
827 3181 948 3247 domini
982 3181 1216 3246 Londoniensis
1252 3182 1461 3248 intentionem

504 3304 594 3345 suam
616 3303 679 3345 non
701 3304 793 3366 posse
814 3283 949 3367 alicujus
976 3284 1171 3370 exceptionis
1192 3284 1361 3350 obstaculo
1384 3284 1460 3348 sub·

503 3382 642 3444 moveri:
668 3383 754 3467 qnod
770 3407 871 3469 quum
887 3408 962 3472 pars
976 3386 1132 3451 fateretur
1147 3386 1289 3461 adversa,
1301 3384 1410 3448 dicens
1426 3409 1459 3448 se

504 3480 576 3543 ideo
590 3482 776 3567 appellasse,
792 3484 869 3568 quia
891 3507 956 3547 una
978 3484 1029 3547 die
1051 3486 1093 3550 ab
1113 3484 1223 3548 eodem
1243 3485 1458 3567 Londoniensi

476 3630 477 3633 ,
504 3605 577 3647 cum
592 3584 654 3648 isto
670 3584 731 3649 alia
745 3585 811 3648 duo
827 3608 975 3672 perversa
989 3585 1113 3672 judicia
1128 3590 1314 3672 reportavit,
1333 3588 1459 3652 Suanus

505 3688 545 3751 ad
560 3687 760 3775 praesentiam
775 3686 950 3774 appellavit
973 3701 1121 3767 vestram,
1137 3690 1308 3774 praefigens
1324 3689 1462 3752 Octavas

505 3790 730 3874 apostolorum,
743 3812 844 3877 quum
860 3802 964 3854 tamen
977 3775 1112 3876 ¹utrique
1122 3790 1226 3875 parati
1242 3812 1380 3854 essemus
1394 3810 1461 3852 om·

507 3912 578 3954 nem
589 3892 748 3976 justitiam
764 3891 926 3955 exhibere.

539 4059 766 4124 EPISTOLA
790 4062 1047 4125 CXVIII.-sn
1061 4081 1293 4126 ssnxmvnann
1311 4080 1430 4125 Paean.

750 4181 891 4243 Domino
905 4181 1008 4260 Papae
1022 4178 1214 4244 Alexandro.

553 4293 734 4358 Csmranls
760 4294 909 4357 fraternae
936 4297 1111 4378 compassio
1137 4317 1195 4358 nos
1221 4293 1383 4367 admonet,
1406 4315 1464 4377 pro

510 4392 679 4457 venerabili
709 4394 806 4458 fratre
833 4406 941 4457 nostro
969 4394 1134 4459 Willelmo
1162 4394 1359 4459 Norwicensi
1384 4394 1465 4478 epis-
