3667 5475
447 752 489 810 66
716 766 852 811 somma
869 764 1148 810 saansasnransrs
1311 752 1361 832 [a.
1382 775 1415 819 n.

449 915 481 978 in
496 914 622 980 irritum
641 915 822 980 devocatur.
848 916 894 980 At
908 914 979 979 haec
999 915 1089 979 velut
1110 916 1143 978 in
1159 920 1281 999 castris,
1296 932 1333 986 et
1353 924 1416 987 sub

447 1017 566 1102 gladio,
580 1018 676 1083 minis
689 1028 724 1082 et
744 1018 918 1083 terroribus
937 1039 1009 1102 spes
1029 1018 1275 1088 examinationis
1296 1046 1317 1088 a
1334 1024 1416 1090 sim·

449 1117 1061 1204 plicibus,ameticulosis‚fraudulenter
1070 1130 1102 1183 ot
1112 1119 1268 1187 violenter
1276 1138 1417 1209 extorts,

449 1243 469 1286 a
482 1221 609 1300 dolosis,
620 1222 767 1287 violentis
781 1234 815 1286 et
828 1221 1003 1299 malitiosis,
1015 1234 1126 1286 contra
1136 1223 1190 1307 jus
1205 1237 1239 1289 et
1253 1226 1310 1306 fas,
1327 1251 1414 1313 proe-

449 1323 579 1410 cipitata
593 1337 650 1389 est.
696 1324 780 1402 Quid
795 1335 904 1388 tamen
920 1323 1106 1411 inquisitum
1125 1338 1184 1403 est,
1201 1329 1279 1414 quid
1294 1332 1412 1415 proba-

447 1425 542 1489 tum?
570 1427 672 1491 utrius
694 1427 815 1492 scilicet
836 1427 1012 1491 electorum
1034 1418 1198 1509 camisiae,
1220 1442 1277 1494 aut
1301 1432 1412 1498 sanior

448 1541 531 1594 esset
539 1529 663 1605 electio,
674 1530 749 1595 facti
759 1530 893 1616 quaestio
903 1530 1124 1607 simulabatur,
1132 1544 1166 1595 ct
1170 1532 1261 1616 juris.
1274 1533 1413 1600 Factum

446 1630 567 1718 itaque,
589 1632 831 1717 provoluntate
855 1631 964 1716 partis,
979 1654 1053 1717 quae
1075 1632 1167 1717 ponit
1182 1656 1311 1699 carnem
1337 1638 1411 1705 bra·

446 1734 553 1799 chium
569 1757 674 1815 suum,
689 1734 883 1820 propositum
900 1746 959 1812 est,
975 1745 1008 1798 et
1023 1728 1203 1819 probatum.
1228 1739 1406 1806 Probatum

446 1849 505 1913 est,
518 1837 660 1922 inquam,
675 1836 837 1899 Victorem
855 1834 958 1899 solum
974 1835 1125 1914 electum,
1141 1859 1160 1900 a
1175 1837 1298 1904 saniore
1315 1855 1408 1927 parte

445 1938 655 2003 cardinalium
682 1938 835 2023 petitione
861 1938 983 2025 populi,
1007 1961 1162 2004 consensu
1188 1953 1222 2006 et
1247 1941 1410 2011 desiderio

445 2040 534 2119 cleri,
548 2050 582 2104 et
595 2039 780 2104 solemniter
789 2041 1022 2124 jumentatum,
1038 2040 1178 2106 locatum
1194 2064 1263 2108 esse
1279 2043 1312 2108 in
1329 2049 1408 2113 sede

446 2140 545 2217 Petri,
561 2153 718 2226 proesente
731 2141 900 2218 Rollando‚
917 2154 950 2206 et
966 2165 1030 2207 non
1042 2144 1291 2223 contradicente,
1303 2147 1408 2215 immo

444 2243 672 2324 consentiente,
688 2255 721 2307 et
738 2242 802 2307 suis
816 2242 939 2308 clericis
959 2243 1165 2330 praecipiente
1183 2259 1218 2309 ut
1241 2246 1271 2310 ei
1292 2249 1407 2315 obedi-

444 2356 526 2424 rent,
541 2367 638 2431 quem
660 2346 790 2411 insede
812 2346 986 2431 apostolica
1000 2346 1153 2412 videbant
1175 2350 1332 2435 pontificii
1354 2353 1406 2417 in·

441 2447 584 2533 signibus
598 2447 793 2514 decoratum.
820 2454 895 2515 Hoc
909 2471 1037 2536 quoque
1054 2450 1223 2536 probatum
1239 2463 1298 2530 est,
1314 2458 1405 2543 quod

441 2549 632 2614 duodecimo
657 2550 710 2614 die
732 2561 802 2635 post
828 2550 1063 2635 promotionem
1087 2550 1234 2631 Victoris,
1257 2576 1406 2640 egressus

441 2653 483 2717 ab
505 2654 584 2718 urbe
602 2653 779 2718 Rollandus
801 2674 899 2740 prope
922 2664 1040 2717 terram
1059 2654 1169 2720 Seculi
1190 2655 1224 2719 in
1242 2656 1313 2721 loco
1337 2682 1403 2725 non

441 2759 560 2824 celebri
573 2759 711 2845 primum
721 2768 770 2822 est
777 2758 988 2843 jumentatus.
1012 2761 1067 2821 An
1079 2780 1143 2821 non
1154 2759 1318 2847 inspexisti
1328 2785 1405 2848 pro-

440 2862 576 2928 bationis
605 2860 762 2927 modum?
806 2866 880 2927 Hoc
909 2861 996 2925 enim
1024 2861 1226 2944 juraverunt,
1257 2862 1401 2933 decanus

439 2965 580 3029 basilicae
598 2964 635 3027 B.
654 2963 751 3039 Petri,
764 2974 798 3026 et
812 2962 876 3026 duo
891 2961 1004 3025 fratres
1018 2962 1088 3046 ejus
1103 2962 1136 3026 in
1151 2985 1286 3048 persona
1302 2968 1401 3035 totins

439 3066 580 3153 capituli,
591 3066 780 3149 juraverunt
791 3075 824 3127 et
839 3063 987 3147 religiosi,
1000 3076 1137 3128 rectores
1149 3065 1226 3129 cleri
1242 3065 1398 3135 Romani:

438 3169 499 3235 hoc
513 3169 617 3256 ipsum
629 3165 797 3253 praefactus
809 3165 924 3246 verbis,
936 3177 970 3230 et
983 3165 1037 3230 alii
1053 3166 1137 3231 cives
1147 3168 1257 3252 jurare
1272 3171 1400 3238 obtule-

438 3284 529 3337 runt:
565 3269 619 3334 sed
649 3269 835 3333 clericorum
862 3270 1029 3334 dumtaxat
1055 3283 1184 3357 recepta
1211 3286 1285 3336 sunt
1307 3274 1399 3359 jura·

438 3385 557 3450 menta,
570 3372 722 3460 quoniam
733 3372 803 3436 haec
815 3372 923 3436 omnia
933 3384 1148 3438 tractaverunt
1161 3374 1309 3440 manibus
1321 3380 1397 3446 suis.

481 3475 562 3551 Quis
582 3476 633 3540 vel
656 3497 758 3540 coecus
778 3498 842 3539 non
863 3474 1084 3560 deprehendat
1103 3487 1169 3540 tam
1188 3478 1393 3550 manifestam

437 3580 604 3657 malitiam,
621 3579 789 3644 mendacia
804 3591 869 3643 tam
886 3578 1022 3664 aperta?
1059 3579 1144 3644 Nam
1161 3580 1227 3644 fere
1247 3584 1399 3650 omnibus

436 3696 547 3750 notum
563 3695 622 3761 est,
638 3684 729 3769 cujus
740 3682 895 3747 momenti
907 3681 980 3763 sint,
991 3682 1169 3767 praesertim
1186 3684 1219 3746 iu
1235 3684 1395 3752 electione

436 3789 575 3854 Romani
604 3787 943 3875 pontificia-rectores
968 3784 1025 3865 illi,
1053 3808 1132 3872 quos
1163 3785 1202 3849 ad
1234 3787 1392 3854 tuendam

434 3892 588 3957 malitiam
610 3914 699 3956 suam
718 3888 888 3954 concilium
910 3888 1067 3975 Papiense
1085 3887 1280 3971 magnificat.
1327 3891 1391 3956 Cui

434 4015 496 4056 non
520 4007 569 4057 est
590 3993 777 4057 incredibile
801 4014 855 4057 eos
877 3990 948 4054 haec
970 4002 1132 4067 tractasse,
1156 3990 1211 4076 qui
1229 3990 1392 4075 jactitant.

437 4094 501 4157 Sed
515 4105 594 4169 esto,
606 4095 690 4179 quod
707 4093 909 4157 interfuerint
924 4093 1015 4158 initio
1026 4093 1218 4178 jurgiorum,
1230 4095 1391 4179 numquid

432 4202 472 4262 R.
490 4196 645 4280 usquead
661 4193 930 4258 conservationem
948 4218 1037 4259 suam
1054 4219 1111 4281 per
1125 4195 1194 4259 dies
1217 4195 1389 4262 duodecim

431 4297 614 4385 persequuti
634 4296 731 4362 sunt?
769 4295 936 4383 Numquid
959 4297 1019 4362 hoc
1041 4299 1121 4362 vidit
1141 4298 1318 4391 capitulum
1345 4300 1385 4364 B.

431 4401 531 4480 Petri,
548 4401 580 4465 in
604 4402 694 4486 cujus
712 4421 845 4486 persona
861 4399 1004 4483 juratum
1026 4413 1084 4480 est,
1104 4424 1144 4465 an
1166 4413 1306 4466 rectores
1327 4404 1385 4490 qui
