3667 5475
452 767 617 851 llos-8]
837 785 1018 834 nemora.
1349 779 1390 839 31

450 940 612 1025 confugere
628 936 876 1025 compelluntur,
896 952 935 1002 ut
950 938 1115 1003 laboribus
1134 963 1244 1004 eorum
1260 964 1391 1009 manum

447 1042 663 1108 misericordie
687 1041 867 1127 porrigatis.
913 1042 1005 1105 Inter
1029 1055 1146 1106 caetera
1165 1044 1329 1109 mesiam
1349 1048 1391 1109 de

444 1144 654 1231 Effingeham‚
667 1166 765 1231 quam
780 1143 837 1221 eis,
851 1155 981 1228 petente
995 1143 1125 1208 domino
1138 1144 1245 1223 fundi,
1258 1144 1391 1212 donarit

441 1246 588 1313 domium
609 1245 770 1323 winton,
791 1259 824 1309 et
845 1246 1005 1329 gloriosus
1026 1245 1171 1311 decessor
1193 1262 1299 1313 vester
1321 1252 1391 1315 En·

438 1350 562 1435 genius,
585 1362 714 1413 secutus
738 1348 882 1433 ejusdem
910 1347 1031 1411 domini
1052 1349 1266 1416 Wintoniensi
1291 1353 1391 1439 scrip

437 1466 519 1530 tum,
530 1452 594 1517 sub
604 1450 774 1537 privilegio
781 1449 994 1524 confirmavit,
1006 1450 1038 1513 in
1048 1450 1199 1536 injuriam
1207 1454 1391 1539 apostolia

436 1554 622 1641 majestatis,
642 1568 674 1617 et
694 1552 915 1616 confusionem
944 1565 1125 1615 sanctorum
1140 1576 1298 1620 canonum
1316 1579 1391 1621 oon-

433 1654 508 1721 tulit
538 1666 733 1717 memoratus
765 1652 936 1737 episcopus
964 1651 1093 1716 cuidam
1124 1653 1296 1739 publicano
1322 1658 1390 1721 sere

433 1754 515 1821 laioo
528 1755 598 1820 filio
616 1753 799 1824 sacerdotis.
812 1753 871 1839 qui
885 1754 920 1817 in
939 1776 978 1816 ea
997 1753 1129 1819 ecclesia
1147 1754 1391 1823 ministraverat.

435 1856 613 1922 Ecclesiam
629 1877 759 1942 quoque
773 1878 882 1920 eorum
897 1855 940 1919 de
961 1856 1138 1941 Uppetona
1153 1858 1244 1921 miles
1256 1858 1389 1944 quidam

434 1959 655 2025 dissimulante
675 1959 827 2045 epimopo
848 1959 982 2044 impune
997 1960 1063 2023 suis
1084 1959 1217 2025 decimis
1230 1961 1389 2048 spoliavit.

436 2062 510 2126 Hoc
533 2074 656 2136 autem,
686 2060 905 2146 prepediente
933 2062 1154 2145 magnitudine
1175 2064 1388 2147 quorumdam

428 2163 570 2249 justitiae
584 2162 835 2239 detrahentium,
849 2176 882 2226 et
905 2162 1116 2228 invalescente
1134 2165 1257 2229 malitia
1271 2165 1389 2231 multo·

432 2286 515 2342 rum,
532 2264 592 2330 nisi
608 2274 742 2349 urgente
756 2263 909 2329 mandato
924 2278 1030 2329 vestro
1043 2287 1106 2328 non
1122 2266 1265 2350 potuerit
1279 2289 1388 2331 emen-

433 2365 513 2431 dari.
556 2366 687 2435 Placeat
711 2389 789 2450 ergo
809 2364 988 2449 dignationi
1011 2380 1135 2441 vestrae,
1158 2367 1388 2452 praedictorum

434 2468 570 2534 fratrum
585 2491 709 2543 causas,
720 2481 754 2531 et
769 2488 919 2552 personas
929 2468 1066 2552 benigne
1080 2468 1262 2549 admittere,
1275 2483 1310 2534 et
1322 2473 1388 2537 cito

434 2570 860 2657 remittere,quiatemeritas
868 2592 990 2647 eorum,
998 2570 1187 2656 quiinusus
1197 2594 1387 2657 pauperum,

434 2669 518 2737 ultra
542 2694 640 2759 quam
663 2670 761 2748 bunc,
792 2668 879 2733 domi
901 2672 1101 2758 expendunt,
1123 2695 1244 2737 moram
1266 2673 1387 2759 refugit

436 2773 620 2864 longiorem.
659 2773 975 2838 Profectosilatores
985 2776 1189 2858 praesentium
1198 2774 1388 2838 familiarius

435 2875 656 2961 inspexerim,
670 2876 843 2940 multarum
859 2896 1113 2961 magnarumque
1134 2874 1292 2938 virtutum
1316 2896 1389 2959 par-

437 3000 512 3042 vum
524 2976 726 3063 hospitiolum
739 2978 772 3042 in
787 2978 889 3043 altero
904 2976 1051 3064 poteritis
1064 2976 1225 3055 admirari,
1236 2988 1271 3039 et
1285 2998 1387 3061 quum

436 3091 611 3164 utrumque
629 3081 753 3144 caritati
768 3095 883 3145 vestrae
897 3078 1098 3144 commendet
1113 3077 1264 3165 spiritus:
1294 3076 1388 3143 alteri

433 3203 507 3246 caro
531 3196 564 3246 et
585 3181 713 3266 sanguis
738 3183 875 3266 gratiam
902 3181 1111 3267 compacabit.
1156 3181 1263 3243 Prosit
1290 3179 1388 3244 Meri-

435 3284 629 3362 tonensibus,
647 3284 739 3371 quod
754 3284 833 3349 dum
855 3288 965 3350 essetis
981 3286 1016 3349 in
1036 3282 1170 3350 ecclesia
1191 3282 1276 3347 beati
1295 3282 1387 3360 Rufi,

433 3385 534 3451 bonus
552 3389 637 3452 odor
656 3410 766 3453 eorum
791 3387 832 3451 ad
856 3411 913 3452 ros
928 3408 1036 3474 usque
1055 3385 1212 3474 pervenit,
1234 3397 1266 3451 et
1296 3384 1387 3472 quod

433 3487 508 3554 mibi
522 3511 616 3554 servo
637 3504 744 3555 vestro
765 3492 1001 3555 communicare
1016 3489 1137 3555 solebat
1151 3488 1235 3553 inter
1251 3490 1386 3574 loquen-

433 3590 511 3656 dum
526 3588 676 3679 dignatio
690 3605 806 3659 vestra.

598 3831 821 3896 EPISTOLA
842 3832 1056 3895 XXlXe-an
1071 3845 1225 3892 nunonis.

693 3949 828 4014 Domino
843 3951 950 4032 Popae
964 3948 1121 4012 Adriano.

478 4093 519 4156 In
541 4091 716 4156 amicorum
731 4091 869 4178 negotiis
883 4111 975 4154 aures
995 4086 1172 4153 clementie
1188 4097 1302 4150 vestrm
1316 4083 1388 4172 pul-

434 4215 502 4260 tare
522 4216 697 4279 presumo,
718 4194 771 4258 cui
793 4193 877 4257 forte
899 4194 975 4257 sotis
996 4214 1064 4255 esse
1084 4188 1225 4262 debebit,
1249 4187 1339 4252 sivel
1354 4186 1386 4251 in

435 4295 570 4382 propriis
579 4318 701 4361 merear
715 4295 881 4360 exaudiri:
906 4316 1018 4358 verum
1033 4292 1114 4357 hano
1129 4289 1292 4363 timiditati
1308 4311 1387 4356 mee

435 4398 613 4464 contulistis
627 4397 804 4478 audaciam,
814 4397 947 4482 quando
960 4419 1010 4461 me
1020 4394 1213 4461 occasionem
1229 4389 1386 4457 scribendi
