3667 5475
434 797 475 856 94
689 808 825 854 toanurs
841 803 1120 853 sanssnsumusrs
1288 790 1336 866 [A.
1354 810 1384 853 u.

430 959 550 1025 tissime
576 971 734 1043 portarem
758 959 790 1023 in
818 960 959 1023 humeris
982 958 1069 1036 meis,
1092 957 1168 1023 dum
1192 979 1255 1045 pax
1278 958 1382 1024 refor-

431 1074 573 1127 maretur
594 1060 688 1125 terris
702 1073 734 1124 et
749 1061 890 1145 populis,
906 1082 988 1145 quos
1004 1071 1109 1123 vestro
1131 1058 1276 1144 regimini
1299 1079 1387 1124 com·

433 1163 518 1228 misit
533 1164 701 1229 Dominus.
748 1163 848 1249 Spero
863 1174 969 1226 nutem
986 1162 1074 1249 quod
1094 1175 1218 1248 quanto
1233 1162 1389 1227 libentius

433 1268 609 1351 acquiesco,
626 1277 658 1330 et
672 1287 796 1351 semper
811 1262 962 1349 adquievi
978 1263 1136 1330 voluntati
1153 1275 1278 1340 vestrae,
1295 1276 1389 1329 tento

434 1367 459 1431 si
475 1364 578 1451 placet
592 1367 761 1451 benignius
776 1364 1034 1429 condescendetis
1055 1366 1233 1430 necessitati
1249 1387 1340 1445 mese,
1355 1379 1389 1431 et

435 1492 544 1556 preces
560 1489 644 1532 meas
658 1468 699 1532 de
714 1467 904 1534 remittendo
919 1468 1115 1547 cancellario,
1124 1482 1156 1534 et
1172 1468 1391 1554 promovendo

435 1572 564 1657 negotio
582 1571 772 1635 Exoniensis
795 1570 934 1635 ecclesiae
955 1570 1081 1635 facilius
1101 1570 1248 1651 audietis,
1265 1571 1393 1635 noveri-

436 1672 541 1758 tisque
555 1695 614 1759 pro
630 1686 717 1737 certo
738 1673 824 1758 quod
841 1672 874 1735 id
891 1671 981 1735 nullo
1002 1672 1100 1736 modo
1119 1685 1311 1757 peteremus
1328 1672 1391 1736 nisi

435 1774 515 1839 illud
531 1775 732 1841 crederemus
750 1798 816 1838 esse
837 1774 979 1840 Domino
1001 1786 1141 1860 gratum,
1156 1788 1188 1837 et
1204 1772 1295 1837 vobis
1309 1776 1391 1839 utile

435 1889 467 1940 et
493 1876 672 1941 honestum.
719 1878 842 1940 Audite
872 1877 898 1939 si
928 1876 1032 1962 placet
1059 1876 1148 1964 quud
1176 1877 1208 1940 in
1234 1876 1296 1940 isto
1323 1890 1390 1941 tem

435 1977 606 2041 affectuose
622 1977 821 2061 postulamus
835 1976 985 2053 articulo,
1000 1977 1134 2041 fortasse
1156 1977 1235 2041 nihil
1250 1978 1392 2063 amplius

438 2078 580 2162 petituri.

448 2408 450 2411 .
510 2352 733 2416 EPISTOLA
748 2352 960 2415 LXXl.——sn
976 2371 1008 2416 u.
1023 2370 1316 2417 securursounuu.

796 2472 1037 2536 Arcbida‘ooono.

482 2592 579 2654 Sam
595 2590 663 2676 jam
687 2602 855 2655 revocatus
875 2612 919 2667 es,
936 2589 993 2675 qui
1013 2589 1052 2654 ad
1075 2588 1168 2655 unius
1189 2591 1288 2675 patris
1311 2593 1395 2657 senis

439 2703 470 2757 et
485 2690 665 2776 languentis
681 2691 875 2757 vocationem
896 2687 1026 2755 rediisse
1043 2689 1208 2758 debueras.
1253 2694 1298 2758 Et
1319 2694 1394 2780 qui-

440 2795 513 2860 dem
535 2794 708 2859 verendum
730 2807 780 2859 est
802 2817 841 2858 ne
864 2792 1045 2858 tarditatem
1070 2806 1157 2858 tuam
1186 2795 1297 2880 puniat
1326 2796 1394 2859 Do·

440 2898 556 2976 minus,
579 2896 603 2960 si
626 2897 668 2961 ab
693 2893 908 2959 inobedientia
934 2893 1145 2973 obsurdescis,
1169 2894 1394 2960 beneficiorum

441 2996 617 3070 immemor,
624 2997 801 3081 patrisque,
810 3018 902 3079 quern
917 2995 1117 3079 languentem
1129 2995 1162 3058 in
1172 2996 1312 3061 humeris
1321 3020 1394 3082 por-

443 3092 509 3161 tare
520 3097 687 3168 debueras,
700 3109 909 3179 contemptor.
939 3098 1021 3158 Erae
1032 3099 1161 3160 omuino
1172 3096 1399 3162 inexcusabilis

442 3213 474 3264 et
497 3197 711 3261 maledictioni
734 3209 851 3259 nostrae
880 3200 1058 3281 proximus,
1081 3197 1141 3261 nisi
1165 3210 1253 3262 tuam
1283 3198 1397 3263 absen-

444 3299 521 3362 tiam
542 3299 604 3360 snb
625 3308 785 3382 praetextu
808 3298 1001 3361 necessitatis
1021 3320 1087 3362 suae
1108 3297 1258 3362 dominus
1272 3322 1327 3362 rex
1343 3317 1399 3363 ex-

444 3411 578 3462 cusaret.
617 3399 791 3473 Oaeternm,
808 3397 885 3482 quia
900 3396 1061 3483 publicam
1079 3399 1260 3478 utilitatem,
1274 3423 1349 3485 quae
1365 3400 1398 3465 in

444 3497 580 3584 negotiis
594 3497 715 3563 domini
729 3500 812 3584 regis
825 3503 973 3580 vertitur,
985 3501 1119 3585 privatae
1136 3501 1268 3567 utilitati
1284 3503 1400 3587 praese-

446 3601 1397 3693 rimus,voluntatemipsins,quamsemper,quatenuslicuit,

445 3717 478 3770 et
498 3706 701 3791 expediebat,
717 3717 836 3768 nostrae
854 3703 1068 3790 praetulimus,
1084 3705 1189 3770 adbuc
1205 3706 1400 3770 sustinemus

445 3821 553 3872 nostro
565 3808 790 3895 praejndicasse
801 3807 964 3883 mandato,
976 3807 1036 3870 sub
1048 3831 1085 3870 ea
1096 3821 1201 3872 tamen
1217 3808 1399 3871 conditione

447 3923 597 3996 utquam
618 3911 681 3975 cito
703 3910 836 3994 gratiam
860 3912 930 3996 ejus
952 3912 1096 3995 potueris
1111 3910 1266 3986 obtinere,
1285 3910 1325 3973 ad
1342 3930 1400 3974 nos

449 4010 553 4073 redire
568 4034 629 4073 non
642 4010 778 4074 differas.
816 4013 861 4074 Et
877 4011 937 4073 hoc
948 4023 1011 4074 tam
1024 4014 1202 4076 necessitati
1214 4023 1291 4088 tuae,
1303 4032 1401 4096 quam

449 4111 607 4174 voluntati
617 4112 686 4194 ejus
695 4111 735 4172 ad
746 4106 885 4193 praesens
895 4111 1110 4198 indulgemus,
1118 4114 1210 4178 veriti
1223 4112 1401 4198 periculum

450 4225 556 4283 tuum,
579 4211 604 4270 si
627 4232 664 4271 eo
687 4209 805 4271 offenso
827 4211 968 4275 redieris.
1015 4215 1183 4278 Timemus
1205 4215 1287 4278 enim
1312 4235 1351 4276 ne
1376 4215 1401 4276 si

449 4308 624 4396 periculum
641 4308 763 4372 amissae
778 4312 891 4392 gratiae
906 4335 964 4394 pro
985 4315 1075 4378 nobis
1090 4316 1242 4390 incurras,
1260 4337 1327 4376 eam
1345 4335 1403 4401 per

452 4435 509 4475 nos
530 4431 716 4494 recuperare
739 4433 799 4473 non
830 4415 940 4494 possis.
988 4419 1103 4480 Breves
1125 4417 1206 4480 enim
1232 4430 1306 4479 sunt
1335 4415 1404 4479 dies
