3667 5475
527 785 590 845 als
785 792 922 837 sossius
936 788 1212 835 sssssssstsssrs
1389 771 1441 848 [t.
1458 789 1491 834 n.

602 1012 824 1077 EPISTOLA
848 1012 1034 1074 CLV-sn
1051 1026 1259 1071 sannwususs
1275 1027 1417 1071 sucuro.

788 1130 1018 1174 sxournussu.
1046 1108 1090 1188 [s.
1107 1129 1138 1171 n.
1160 1110 1267 1189 1166]

556 1249 652 1309 Jonas.
670 1244 795 1307 Scresb.
812 1244 1004 1305 Balderoiuo
1020 1243 1254 1305 archidiacono
1269 1243 1466 1307 liconiensi.

577 1365 682 1426 chsr
698 1383 717 1425 a
732 1363 841 1424 multis
863 1376 944 1423 retro
969 1360 1168 1441 temporibus
1191 1359 1361 1424 dilectioni
1377 1373 1490 1426 vestrae

533 1465 692 1529 obnoxius
713 1477 832 1541 tenear,
854 1475 963 1526 tamen
986 1474 1096 1525 vestrae
1119 1462 1312 1525 sinceritatis
1334 1483 1400 1528 non
1424 1474 1488 1527 tarn

531 1567 682 1650 frequens
709 1585 806 1647 quam
827 1564 914 1646 jugis
938 1562 1126 1627 sollicitudo
1151 1563 1357 1627 devotionem
1385 1586 1488 1629 meam

533 1666 594 1732 sibi
625 1666 730 1730 reddit
759 1665 862 1728 indies
892 1666 1012 1728 arctius
1037 1664 1218 1744 obligatam.
1269 1667 1377 1737 Quem
1402 1668 1486 1729 enim

533 1792 599 1833 non
614 1779 832 1853 promereatur
851 1768 884 1828 in
906 1766 1049 1829 adversis
1071 1766 1238 1847 infatigata
1253 1778 1285 1829 et
1299 1767 1488 1832 indeficiens

534 1870 627 1945 fides,
651 1868 742 1951 cujus
766 1880 880 1950 pectus
909 1888 975 1928 non
1006 1865 1176 1928 succendit
1200 1879 1232 1929 et
1254 1867 1435 1931 inflammat
1454 1868 1488 1930 in

534 1971 684 2055 periculis
696 1984 728 2032 et
738 1969 925 2031 conflatorio
937 1969 1160 2045 tentationum,
1169 1968 1284 2032 caritas
1292 1969 1488 2054 incorrupta,

535 2074 689 2149 officiosa,
699 2084 733 2133 et
743 2068 1004 2151 supereminens?
1028 2069 1125 2141 Quod
1135 2069 1168 2132 in
1179 2071 1270 2134 vobis
1284 2071 1489 2149 commendo,

536 2176 569 2236 in
585 2193 637 2233 me
652 2172 787 2232 multum
802 2185 953 2253 expertus
975 2192 1057 2247 sum,
1072 2170 1128 2234 sed
1143 2172 1176 2233 in
1193 2173 1285 2235 fratre
1300 2194 1373 2236 meo
1389 2173 1491 2255 magis

534 2272 699 2355 experior:
734 2292 807 2333 nam
838 2283 955 2334 sortem
980 2272 1050 2356 ejus
1079 2294 1150 2335 mea
1179 2285 1293 2356 reputo
1319 2272 1491 2350 duriorem,

535 2374 598 2437 nisi
614 2371 702 2456 quod
716 2394 787 2435 mea
802 2387 835 2435 et
848 2373 934 2436 illius
957 2396 998 2437 ex
1021 2374 1127 2437 animo
1151 2386 1225 2438 sunt
1247 2376 1444 2452 communia,
1457 2385 1490 2437 et

534 2475 581 2539 sic
604 2473 715 2537 eadem
738 2474 880 2537 conditio
903 2485 960 2537 est
1007 2475 1145 2539 Gravius
1168 2487 1273 2539 tamen
1295 2478 1419 2553 exulat,
1434 2474 1489 2559 qui

536 2576 622 2640 domi
654 2577 773 2638 exulat.
828 2575 920 2639 Sicut
949 2575 1036 2638 enim
1066 2575 1099 2637 in
1130 2576 1257 2640 civitate
1287 2598 1345 2640 sua
1376 2575 1488 2639 florere

535 2679 708 2762 gloriosum
731 2689 791 2754 est,
813 2687 846 2741 et
862 2675 1043 2761 jucundum
1066 2677 1227 2742 nobilitari
1251 2679 1284 2740 in
1307 2677 1423 2760 patria,
1443 2677 1489 2740 ita

535 2781 622 2865 apud
653 2800 727 2842 suos
764 2800 868 2858 cgere,
897 2791 952 2842 aut
983 2779 1134 2842 vilescere
1172 2781 1395 2843 calamitosum
1427 2788 1486 2842 est.

535 2882 674 2945 Minoris
696 2902 836 2964 namque
866 2882 1096 2944 erubescentiae
1128 2893 1175 2944 est
1201 2881 1287 2964 apud
1316 2891 1489 2944 extraneos

536 2983 726 3046 mendicare.
757 2985 942 3044 Nonnullus
958 2993 1074 3058 autem,
1086 2983 1149 3044 imo
1166 2994 1198 3045 et
1213 2985 1333 3045 multus
1347 2996 1397 3045 est
1412 3004 1490 3046 usus

536 3083 733 3146 adversitatis
753 3083 858 3164 hujus,
875 3083 1000 3166 utrique
1023 3095 1177 3160 nostrum,
1192 3104 1249 3165 per
1270 3105 1365 3167 quam
1382 3094 1413 3145 et
1427 3105 1489 3145 nos

536 3186 642 3260 nobis,
665 3197 697 3245 et
725 3184 875 3260 mundus,
905 3197 938 3247 et
967 3186 1095 3247 fidelius
1125 3196 1157 3248 et
1186 3186 1371 3247 familiarius
1394 3186 1489 3248 inno-

536 3285 639 3347 tescit.
685 3284 829 3345 Tandem
848 3286 934 3347 enim
954 3286 1117 3363 discimuS,
1133 3285 1219 3370 quod
1241 3308 1259 3348 a
1282 3286 1391 3348 multis
1405 3295 1489 3348 tem·

536 3384 668 3465 poribus
689 3381 895 3456 audieramus
914 3398 946 3446 et
965 3387 1118 3467 scriptum
1136 3398 1184 3449 est
1198 3411 1217 3448 a
1232 3385 1347 3448 seculis
1370 3385 1492 3462 multis,

540 3484 605 3551 Qui
630 3485 665 3546 irs
689 3487 852 3568 prosperis
874 3489 1001 3549 anticus
1025 3509 1088 3551 nors
1113 3497 1260 3568 apparet,
1283 3489 1321 3548 iu
1346 3487 1492 3549 adversis

536 3609 602 3650 cors
623 3589 701 3650 latet
725 3588 887 3651 inimicus.
933 3589 1033 3672 lirg0,
1057 3590 1273 3666 dilectissime,
1292 3589 1326 3650 in
1345 3590 1493 3670 procella

537 3689 672 3753 turbinis
682 3690 778 3773 hujus
787 3691 906 3752 larvam
919 3691 1053 3773 quisque
1067 3689 1215 3773 deposuit
1225 3711 1320 3774 quam
1331 3687 1492 3766 induerat,

536 3802 569 3856 et
588 3793 720 3856 fallaces
743 3792 890 3855 abstersit
911 3790 1016 3868 fucos,
1039 3803 1070 3853 et
1094 3814 1186 3854 suum
1210 3791 1351 3855 ostendit
1366 3791 1490 3852 vultum

535 3897 615 3958 facie
642 3896 788 3958 revelata.
836 3893 932 3957 Unde
958 3894 1033 3976 quia
1057 3894 1132 3956 fidei
1159 3907 1191 3956 et
1211 3893 1353 3956 caritatis
1374 3902 1490 3954 vestrae

535 3999 647 4059 faciem
671 3999 703 4058 in
726 4010 837 4071 restra,
861 4017 933 4077 quae
958 3995 1092 4068 videtur,
1111 3996 1325 4066 tribulatione,
1350 3992 1489 4056 eandem

536 4096 664 4179 quidem
677 4099 849 4173 cernimus,
861 4097 919 4159 sed
931 4098 1041 4181 utique
1054 4098 1217 4160 clariorem
1230 4110 1261 4159 et
1272 4096 1490 4171 illustriorem,

534 4218 603 4259 eam
628 4196 700 4278 jure
730 4209 762 4258 et
787 4199 899 4259 merito
925 4199 1062 4281 amplius
1085 4200 1311 4280 approbamus
1337 4207 1371 4258 et
1397 4207 1431 4257 ut
1456 4197 1488 4258 ei

534 4297 692 4377 condigne
729 4298 961 4380 respondeatur
997 4322 1015 4362 a
1052 4301 1146 4363 nobis
1184 4300 1303 4362 crebris
1342 4297 1490 4379 suspiriis

534 4413 691 4484 optamuS,
715 4412 744 4459 ct
771 4400 910 4461 maximo
936 4400 1110 4463 desiderio:
1147 4415 1178 4463 et
1207 4402 1335 4483 quidem
1360 4398 1489 4462 interim
