3667 5475
430 762 495 822 828
689 772 1125 819 Joauurssransnsmausrs
1297 754 1391 834 [aa.

433 926 636 1008 crucifigunt,
658 926 829 1007 perhibent
852 926 994 990 moribus
1019 921 1241 989 testimonium
1271 925 1389 988 certius

434 1040 468 1093 at
487 1027 589 1113 majus
609 1027 768 1091 Johanna.
814 1029 903 1091 Bene
921 1038 1027 1091 tamen
1051 1027 1156 1106 agitur
1178 1047 1254 1090 cum
1269 1036 1392 1090 nostra·

434 1131 530 1205 tibus,
544 1139 577 1191 et
591 1128 699 1190 mitius
714 1136 868 1191 tractatur
883 1126 930 1190 ibi
948 1129 970 1192 J
971 1149 1061 1192 esus:
1087 1127 1115 1190 si
1129 1138 1237 1192 tamen
1254 1148 1329 1191 vera
1343 1136 1392 1190 est

435 1230 605 1303 attestatio,
632 1249 728 1312 quam
754 1228 788 1291 in
814 1230 1032 1313 appellatoriis
1058 1230 1134 1306 suis,
1160 1250 1241 1313 quas
1271 1228 1395 1306 dicunt,

434 1352 538 1413 nuper
559 1329 729 1393 ediderunt
750 1331 913 1414 principes
934 1329 1145 1409 sacerdotum,
1167 1329 1394 1413 praedicantes,

436 1432 625 1506 scribentes,
636 1440 668 1494 et
682 1431 724 1494 ad
736 1432 888 1515 majorem
900 1432 1122 1495 auctoritatem
1132 1431 1315 1495 assertionis
1326 1451 1394 1506 suaa

437 1529 550 1614 sigillis
575 1532 719 1615 pluribus
742 1541 906 1614 patentem
932 1533 1122 1615 scripturam
1152 1532 1394 1612 consignantes,

439 1634 515 1718 quia
540 1633 688 1696 dominus
718 1653 774 1696 rex
793 1632 925 1697 “dulce
951 1644 1044 1718 putat
1069 1632 1270 1716 obsequium,
1294 1654 1392 1718 quum

439 1746 586 1799 monetur
607 1747 643 1796 ut
664 1734 799 1816 corrigat
814 1735 841 1798 si
857 1734 936 1816 quid
959 1734 1128 1819 deliquerit
1146 1736 1180 1797 in
1202 1736 1339 1812 Deum,’'
1351 1735 1393 1798 ad

439 1837 572 1900 formam
590 1834 725 1919 justitiae
740 1834 952 1899 libentissime
974 1836 1210 1900 satisfacturus:
1234 1835 1394 1919 “siquid

441 1940 638 2024 deliquerit,”
661 1939 811 2023 inquiunt
839 1941 994 2002 malorum
1023 1940 1193 2022 inexperti,
1219 1950 1252 2002 et
1277 1940 1395 2023 quibus

439 2041 581 2105 nondum
603 2049 725 2103 certum
746 2049 796 2103 est
816 2062 889 2103 eum
909 2052 1020 2104 contra
1039 2041 1213 2103 Dominum
1234 2040 1268 2103 in
1284 2040 1393 2124 aliquo

442 2143 628 2225 deliquisse,
650 2152 705 2203 ant
726 2140 887 2223 condigna
910 2142 1127 2205 satisfactione
1148 2164 1215 2205 non
1242 2162 1395 2225 purgasse

441 2244 603 2306 delictum.
650 2243 748 2319 Bene,
769 2243 910 2325 iuquam,
932 2245 1073 2307 cumeis
1095 2246 1208 2325 agitur,
1231 2245 1259 2307 si
1278 2243 1393 2327 praedi·

441 2343 562 2406 cationi
592 2353 624 2405 et
654 2342 852 2407 attestationi
878 2366 988 2408 eorum
1015 2347 1129 2409 veritas
1155 2347 1272 2409 subest.
1329 2346 1396 2409 Sed

439 2444 518 2528 quid
533 2444 560 2508 si
575 2444 703 2528 pariter,
719 2444 806 2529 quod
826 2444 977 2510 dominus
996 2469 1083 2531 papa
1105 2447 1195 2526 dicit,
1210 2457 1243 2512 et
1256 2448 1395 2511 ecclesia

439 2548 589 2610 Romana
608 2548 769 2628 cognovit,
782 2547 816 2609 in
832 2548 953 2631 scripto
974 2549 1061 2632 quod
1084 2550 1161 2612 illuc
1176 2550 1394 2613 transmissum

442 2660 501 2725 est,
530 2646 750 2712 mentiuntur?
789 2650 865 2713 Non
897 2661 946 2713 est
974 2650 1016 2713 de
1043 2661 1169 2727 caetero,
1193 2648 1312 2714 dilecte
1341 2650 1395 2727 mi,

441 2752 529 2835 quod
553 2764 734 2835 querantur,
764 2749 838 2835 quia
867 2752 929 2815 hoc
961 2752 1060 2830 dulci,
1090 2753 1177 2836 quod
1206 2751 1395 2835 praedicant,

440 2854 649 2936 correptionis
683 2853 836 2935 obsequio
866 2874 885 2915 a
914 2874 988 2935 rege
1019 2853 1171 2938 quicquid
1206 2876 1335 2937 aequum
1364 2867 1396 2916 et

441 2956 560 3016 bonum
577 2953 680 3026 fuerit,
697 2964 846 3036 poterunt
865 2954 1051 3037 impetrare:
1076 2977 1138 3018 non
1155 2968 1204 3019 est
1220 2956 1261 3019 de
1278 2967 1394 3020 caetero

441 3056 527 3139 quod
545 3058 591 3118 eis
607 3057 776 3141 quisquam
799 3058 940 3139 compati
964 3057 1091 3133 debeat,
1107 3059 1162 3140 qui
1182 3067 1272 3120 tanta
1292 3058 1394 3119 facili-

441 3169 507 3221 tate
538 3171 674 3242 possunt
699 3160 874 3241 procellam
904 3160 1080 3242 quamlibet
1110 3161 1142 3220 in
1173 3181 1280 3221 auram
1307 3181 1396 3221 com·

441 3270 573 3321 mutare.
619 3260 684 3322 Sed
708 3260 802 3322 nobis
826 3261 922 3340 longe
947 3262 1009 3324 alia
1029 3283 1119 3324 mens
1144 3272 1201 3338 est,
1224 3261 1279 3343 qui
1306 3261 1395 3323 aliud

443 3360 637 3437 experimur,
651 3371 684 3421 et
707 3360 827 3422 utinam
845 3362 1032 3440 praedicatio
1048 3363 1202 3424 commin
1218 3361 1312 3421 nobis
1335 3361 1397 3422 im-

442 3461 581 3542 pleretur
596 3469 627 3520 et
637 3459 702 3521 illis
713 3459 839 3522 interim
852 3464 1073 3543 praeelegimus
1085 3465 1225 3546 rapinam
1237 3463 1397 3523 bonorum

442 3559 596 3622 sustinere
612 3559 643 3620 in
660 3559 824 3640 patientia,
839 3572 870 3622 et
887 3571 1059 3642 expectare
1076 3564 1129 3644 qui
1145 3561 1264 3624 auferat
1279 3560 1399 3644 iniqui·

442 3672 537 3723 tatem
557 3681 575 3719 a
595 3661 710 3736 Jacob,
731 3669 763 3721 et
782 3661 979 3743 impietatem
1003 3665 1043 3723 ab
1068 3665 1178 3738 lsrael,
1200 3683 1295 3746 quam
1320 3684 1396 3724 cum

442 3762 494 3823 his
514 3762 569 3843 qui
590 3771 807 3823 convenerunt
822 3761 973 3824 adversus
990 3762 1165 3824 Dominum
1190 3775 1222 3825 et
1244 3762 1398 3825 adversus

442 3861 612 3924 ecclesiam
641 3861 711 3944 ejus
748 3862 1022 3943 conspiraverunt,
1059 3864 1236 3946 iniquitatis
1274 3884 1395 3944 ponere

442 3958 631 4037 portionem,
647 3971 678 4020 et
694 3957 808 4020 divinae
831 3959 895 4039 legi
909 3961 1067 4021 bonorum
1083 3960 1305 4041 temporalium
1322 3960 1398 4021 flos-

443 4059 533 4118 culos
556 4060 718 4122 anteserre.
764 4059 829 4122 Sed
854 4060 928 4123 finis
950 4062 1100 4124 chartulae
1122 4065 1164 4123 sit
1187 4075 1219 4124 et
1240 4062 1338 4138 verbi,
1361 4075 1397 4126 ut

443 4158 636 4236 ubicumque
652 4161 795 4221 locorum
813 4163 883 4240 sim,
901 4185 950 4225 mo
967 4164 1090 4225 noveris
1107 4176 1195 4226 tuum
1212 4185 1293 4227 esse.
1332 4165 1398 4227 Va·

440 4260 514 4330 lete.
