3667 5475
540 785 603 844 210
797 793 932 841 soranus
947 790 1230 838 sannsunarnusrs
1409 778 1456 858 [Δ.
1472 789 1501 842 n'.

540 970 655 1028 rarum,
666 970 739 1032 quae
751 948 791 1012 ab
807 948 879 1031 ipso
896 946 937 1010 de
953 946 1041 1009 fonte
1059 948 1272 1011 Hebraeorum
1288 960 1500 1013 manaverunt

540 1048 582 1112 ad
595 1050 835 1132 intelligentiam
857 1049 1053 1111 Latinorum.
1091 1049 1190 1111 Liber
1209 1069 1284 1111 vero
1306 1048 1497 1132 Sapientia,

539 1160 573 1213 et
590 1152 850 1228 Ecclesiasticus,
872 1150 996 1226 Judith‚
1011 1150 1132 1213 Tobiae
1154 1160 1186 1212 et
1208 1149 1332 1229 Pastor,
1348 1160 1386 1213 ut
1407 1150 1494 1215 idem

538 1263 629 1335 pater
650 1253 771 1327 asserit,
791 1272 856 1315 non
879 1263 1064 1334 reputantur
1085 1252 1118 1314 in
1142 1251 1287 1326 canone,
1307 1252 1367 1315 sed
1389 1274 1495 1337 neque

537 1353 799 1417 Macbabaeorum
820 1354 911 1426 liber,
926 1352 983 1435 qui
1005 1352 1039 1414 in
1060 1352 1125 1415 duo
1142 1353 1304 1415 volumina
1326 1352 1492 1429 scinditur,

538 1475 673 1539 quorum
688 1456 821 1537 primum
838 1455 1011 1516 Hebraeam
1028 1454 1149 1517 redolet
1170 1455 1399 1536 eloquentiam,
1416 1456 1493 1519 alte·

535 1577 605 1619 nrm
622 1557 780 1633 Graecam,
796 1555 883 1639 quud
906 1556 1008 1637 stylus
1023 1554 1094 1636 ipse
1115 1554 1289 1631 convincit,
1306 1555 1361 1618 ille
1385 1566 1491 1619 autem

535 1656 590 1738 qui
603 1656 716 1718 Pastor
727 1654 922 1731 inscribitur,
931 1675 971 1716 an
984 1655 1103 1717 alicubi
1116 1654 1157 1717 sit
1168 1654 1354 1730 nescio‚sed
1369 1667 1491 1719 certum

534 1757 693 1840 estquod
721 1758 943 1839 Hieronymus
969 1765 1001 1817 et
1027 1754 1118 1818 Beda
1137 1756 1229 1818 illum
1255 1755 1434 1821 sevidisse
1460 1766 1491 1821 st

532 1861 648 1943 legisse
664 1871 827 1925 testantur.
854 1858 918 1921 His
934 1857 1096 1921 adduntur
1110 1860 1185 1922 novi
1196 1860 1399 1924 Testamenti
1415 1870 1488 1925 octo

532 1962 704 2037 volumina,
714 1962 848 2039 scilicet,
857 1960 1069 2041 Evangelium
1080 1960 1239 2039 Matthaei,
1249 1962 1366 2040 Marci,
1378 1963 1490 2040 Lucae,

530 2062 675 2139 loannis,
696 2062 853 2143 Epistolae
881 2060 975 2123 Pauli
997 2080 1041 2121 xv
1064 2081 1130 2122 uno
1154 2062 1316 2125 volumine
1339 2083 1486 2146 compre·

530 2161 651 2238 bensae,
672 2163 749 2226 licet
772 2161 814 2223 sit
835 2162 974 2241 vulgata,
996 2173 1028 2223 et
1050 2162 1113 2224 fere
1137 2163 1281 2224 omnium
1304 2165 1486 2228 communis

530 2262 640 2345 opinio
655 2282 719 2325 non
734 2283 804 2324 esse
818 2263 882 2325 nisi
897 2262 962 2339 xiv,
978 2262 1090 2325 decem
1110 2261 1151 2326 ad
1166 2264 1332 2343 ecclesias,
1348 2275 1487 2349 quatuor

527 2362 569 2425 ad
584 2384 756 2445 personas:
780 2363 807 2424 ti
819 2374 923 2426 tamen
940 2364 996 2426 illa
1011 2385 1083 2447 quae
1099 2364 1140 2428 ad
1156 2364 1314 2429 Hebraeos
1331 2378 1390 2443 est,
1406 2388 1483 2430 con·

527 2463 726 2527 numeranda
751 2475 801 2526 est
826 2464 971 2547 epistolis
995 2464 1097 2543 Pauli,
1121 2465 1210 2548 quod
1234 2465 1268 2528 in
1292 2466 1481 2549 praefatione

526 2561 595 2647 ejus
615 2574 753 2629 astruere
777 2564 901 2627 videtur
923 2564 1091 2628 doctorum
1111 2564 1226 2629 doctor
1249 2566 1480 2650 Hieronymus,

525 2664 651 2728 illorum
675 2664 852 2728 dissolvens
875 2664 1025 2746 argutias,
1041 2664 1097 2749 qui
1118 2686 1188 2728 eam
1206 2667 1300 2730 Pauli
1322 2688 1387 2730 non
1410 2689 1480 2732 esse

525 2766 775 2830 contendebant.
812 2765 983 2837 Caeterum,
1006 2767 1243 2849 quintadecima
1263 2777 1311 2830 est
1330 2770 1386 2833 illa
1407 2791 1479 2854 qum

524 2869 683 2932 Ecclesiae
696 2868 943 2931 Laodicensium
957 2868 1116 2946 scribitur,
1125 2880 1158 2931 et
1173 2871 1258 2947 licet,
1271 2880 1307 2933 ut
1321 2871 1368 2933 ait
1383 2873 1477 2935 Hier.

523 2973 563 3032 ab
590 2971 738 3032 omnibus
763 2969 965 3052 explodatur,
988 2984 1094 3032 tamen
1120 2973 1161 3032 ab
1186 2974 1332 3054 apostolo
1357 2973 1478 3055 scripta

523 3085 585 3135 est:
624 3093 728 3153 neque
758 3071 917 3134 sententia
946 3071 1016 3133 haec
1045 3071 1084 3135 de
1112 3074 1248 3136 aliorum
1275 3076 1476 3157 praesumitur

520 3173 681 3255 opinione,
708 3172 763 3233 sed
789 3172 890 3253 ipsius
920 3173 1057 3253 apostoli
1087 3174 1269 3237 testimonio
1299 3176 1473 3239 roboratur.

520 3273 671 3333 Meminit
692 3272 777 3331 enim
798 3271 899 3353 ipsius
919 3273 951 3334 in
975 3274 1110 3356 epistola
1132 3275 1173 3337 ad
1190 3275 1401 3338 Colossenses
1423 3276 1473 3339 bis

518 3372 635 3446 verbis,
647 3373 755 3444 Quum
770 3373 968 3452 lectosuerit
977 3374 1068 3455 apud
1076 3396 1130 3437 uos
1139 3377 1208 3437 baee
1217 3377 1359 3456 epistola,
1367 3379 1473 3459 facite

518 3471 1287 3556 utiuLoodieensiumecclesiulepatur,eteoquae
1296 3474 1472 3539 Laodicen·

516 3576 601 3637 mum
612 3581 659 3637 est
669 3576 798 3655 lepatur·
808 3575 903 3637 vobis.
929 3574 1110 3658 Sequuntur
1122 3577 1280 3660 Epistolae
1293 3577 1469 3642 Canonicat

516 3678 559 3741 vii
586 3679 618 3741 in
643 3700 708 3740 uno
731 3678 902 3756 volumine,
927 3678 1044 3740 deinde
1065 3680 1166 3742 Actus
1184 3680 1413 3760 Apostolorum
1434 3680 1466 3742 in

514 3781 588 3855 alio,
605 3794 636 3844 et
650 3782 779 3844 tandem
794 3777 1019 3862 Apocalypsis.
1048 3781 1094 3841 Et
1109 3781 1195 3843 hunc
1211 3779 1341 3863 quidem
1356 3803 1467 3844 nume·

513 3903 582 3944 rum
611 3905 682 3945 esse
711 3883 873 3958 librorum,
900 3881 954 3964 qui
981 3881 1015 3941 in
1042 3902 1201 3944 sacrarum
1232 3881 1467 3962 Scripturarum

513 4005 668 4045 canonem
683 3984 904 4061 admittuntur,
920 3983 1054 4046 celebris
1070 3984 1156 4067 apud
1172 3983 1353 4055 ecclesiam,
1370 3994 1404 4046 et
1417 3984 1465 4046 in·

512 4083 658 4144 dubitata
680 4082 806 4145 traditio
828 4092 887 4161 cst,
908 4104 980 4166 quae
1004 4094 1091 4146 tanta
1113 4081 1200 4165 apud
1222 4103 1333 4145 omnes
1356 4084 1465 4164 vigent

510 4185 695 4246 auctoritate
722 4195 758 4246 nt
784 4185 1044 4248 contradictionis
1071 4196 1125 4248 ant
1155 4184 1327 4248 dubietatis
1355 4185 1465 4248 locum

508 4284 595 4348 sanis
609 4284 768 4347 mentibus
784 4304 848 4344 non
868 4285 1059 4366 relinquant,
1075 4286 1151 4368 quia
1173 4285 1367 4366 conscriptae
1392 4296 1467 4347 sunt

507 4385 606 4467 digito
630 4385 702 4446 Dei.
739 4385 816 4447 Jure
832 4404 908 4465 ergo
925 4397 956 4446 et
978 4387 1091 4448 merito
1107 4396 1246 4459 cavetur,
1263 4395 1295 4448 et
1311 4384 1465 4448 condem·
