3667 5475
429 772 491 833 att
697 780 832 825 scaurus
847 777 1124 825 sansanaarnusrs
1291 758 1338 839 [t.
1355 779 1387 825 n.

432 934 555 1019 aliquid
570 933 727 997 interdum
744 933 852 1010 audio,
872 942 904 996 et
922 935 985 996 hoc
1008 931 1171 995 beneficio
1193 932 1388 997 intermean-

432 1037 523 1112 tium,
547 1034 605 1097 sed
629 1055 648 1096 a
675 1045 705 1096 te
735 1034 815 1096 nibil
845 1055 985 1117 unquam
1016 1032 1141 1096 audivi:
1182 1032 1271 1116 quod
1300 1032 1388 1096 unde

434 1135 609 1215 contingat,
629 1154 694 1196 non
719 1135 814 1215 plane
841 1133 948 1209 video,
972 1133 1033 1196 nisi
1060 1132 1148 1216 quod
1174 1144 1205 1196 te
1234 1133 1386 1219 conjicio,

434 1235 587 1318 quoniam
603 1234 672 1297 dies
687 1235 763 1297 mali
778 1243 865 1309 sunt,
878 1245 910 1296 et
922 1245 957 1297 tu
967 1234 1016 1296 vir
1026 1234 1179 1319 pmdens,
1193 1256 1238 1299 ex
1250 1235 1386 1319 quadam

433 1338 559 1401 siluisse
585 1338 718 1400 cautela.
763 1337 835 1416 Ego
856 1347 893 1399 ut
915 1335 1131 1400 infirmitatem
1153 1357 1261 1399 meam
1286 1338 1388 1401 fatear

435 1440 467 1501 in
485 1438 701 1515 auribustuis,
718 1449 750 1501 et
764 1437 980 1520 insipientiam
995 1459 1099 1501 meam
1118 1438 1224 1502 amico
1240 1442 1387 1518 revelem,

434 1548 586 1621 tanquam
602 1536 680 1599 mibi
696 1556 870 1619 numquam
884 1536 969 1598 hanc
984 1536 1076 1619 potui
1086 1537 1206 1600 habere
1217 1540 1386 1615 cautelam,

435 1640 514 1723 quin
541 1640 654 1701 vellem
681 1637 855 1700 amicorum
885 1637 1178 1719 opportunitatibus
1208 1639 1384 1702 communi·

435 1762 518 1817 care,
533 1751 566 1803 et
580 1760 689 1803 eorum
705 1760 762 1822 pro
775 1739 906 1802 modulo
918 1760 991 1801 meo
1003 1759 1110 1819 gerere
1122 1739 1384 1805 sollicitudinem.

435 1845 542 1915 Quum
563 1863 638 1923 crgo
658 1842 716 1905 tibi
737 1842 856 1924 saepius
877 1840 1071 1924 scripserim,
1093 1850 1125 1903 et
1149 1849 1185 1903 tu
1207 1863 1385 1926 numquam

436 1945 611 2027 scripseris,
628 1944 764 2026 amptius
784 1963 941 2005 succensa
963 1942 1145 2005 sollicitudo
1169 1944 1284 2027 nequit
1304 1946 1385 2008 ulte·

435 2048 501 2109 rius
520 2046 675 2122 cohiberi,
698 2046 776 2129 quin
798 2066 857 2128 per
877 2044 1042 2128 proprium
1063 2045 1204 2129 inquirat
1226 2046 1386 2121 nuntium,

437 2146 508 2228 quis
528 2157 602 2208 tuus
623 2146 672 2206 rel
696 2154 836 2208 veterum
859 2144 900 2207 sit
922 2154 1022 2207 status
1045 2144 1231 2219 amicorum,
1254 2166 1316 2209 nec
1340 2148 1385 2211 sic

434 2256 557 2308 veteres
586 2243 707 2307 dixisse
736 2245 907 2321 arbitreris,
933 2255 969 2308 ut
994 2244 1186 2310 inveteratos
1209 2246 1244 2309 in
1271 2248 1388 2330 quibus

436 2343 552 2407 caritas
581 2343 768 2426 refrigescit,
792 2344 895 2408 dictos
919 2346 1093 2427 intelligas,
1116 2366 1216 2431 quum
1239 2368 1301 2428 ego
1323 2369 1384 2413 nec

435 2447 665 2523 senserim,nec
676 2445 811 2509 dixerim
822 2467 877 2510 eos
886 2448 1017 2532 aliquod
1027 2449 1167 2512 caritatis
1178 2448 1385 2532 dispendium

435 2548 599 2612 sustinere.
645 2550 726 2622 Quis
741 2550 825 2612 cuim
849 2570 909 2629 ego
933 2570 1013 2623 sum,
1037 2560 1072 2612 ut
1095 2571 1221 2613 servum
1239 2550 1386 2635 judicem

434 2650 583 2728 alienum,
598 2650 653 2734 qui
665 2651 808 2713 Domino
818 2671 877 2713 suo
887 2660 951 2715 stat
961 2662 1016 2715 aut
1027 2650 1137 2714 cadit?
1161 2651 1267 2715 Stabit
1278 2664 1385 2718 autem

436 2753 508 2815 Deo
537 2765 678 2829 anctore,
707 2763 740 2814 et
765 2751 845 2813 mibi
868 2749 977 2834 utique
1009 2753 1124 2816 caritas
1154 2755 1298 2817 officiosa
1326 2765 1387 2836 est,

380 2836 384 2842 ⁵
435 2855 544 2937 ignara
568 2855 665 2917 totius
695 2854 782 2927 mali,
808 2852 898 2914 tortis
925 2863 960 2915 ut
986 2874 1082 2928 mors,
1107 2865 1140 2916 et
1169 2854 1386 2920 sinceritatem

436 2978 525 3019 suam
552 2952 659 3018 multis
685 2966 717 3018 et
742 2954 935 3038 perennibus
965 2955 1072 3037 prodit
1096 2955 1248 3019 indiciis:
1288 2958 1387 3023 babet

435 3059 504 3121 haec
522 3057 738 3120 testimonium
748 3056 868 3139 jugiter
883 3056 987 3140 majus
1001 3059 1022 3121 J
1024 3079 1137 3132 oannc,
1154 3059 1241 3142 quod
1261 3060 1292 3122 ei
1313 3082 1384 3142 per·

435 3161 548 3223 hibent
564 3171 628 3221 tam
653 3180 750 3241 opera
773 3179 867 3241 quam
890 3159 1011 3222 fructus
1035 3181 1176 3241 operum.
1222 3161 1258 3225 si
1278 3184 1386 3238 vacaS,

436 3272 468 3322 et
483 3261 576 3334 licet3
600 3267 632 3319 et
646 3258 679 3320 id
696 3279 799 3332 curas,
814 3279 871 3341 per
891 3260 1026 3322 latorem
1048 3261 1266 3343 praesentium,
1288 3283 1386 3344 quem

435 3359 476 3422 ad
491 3360 553 3421 hoc
566 3358 648 3434 misi,
660 3357 699 3419 de
712 3369 797 3421 statu
808 3381 880 3421 meo
893 3372 926 3422 et
937 3361 1071 3423 aliorum
1082 3361 1202 3444 poteris
1215 3363 1389 3441 certiorari,

435 3461 586 3543 idemque
602 3461 721 3544 aperiet
735 3460 793 3523 tibi
810 3461 973 3544 quomodo
994 3483 1044 3524 me
1064 3461 1103 3526 de
1127 3473 1182 3525 tuo
1197 3463 1296 3527 facias
1317 3485 1387 3529 cer-

434 3564 555 3626 tiorem.
601 3564 735 3626 Noveris
759 3575 863 3627 autem
892 3564 1043 3647 quoniam
1069 3565 1150 3627 mihi
1172 3566 1260 3643 licet,
1285 3578 1316 3629 et
1342 3569 1388 3631 ad

435 3668 495 3731 hoc
512 3687 633 3730 vacuus
649 3687 729 3742 sum,
747 3677 779 3728 et
802 3676 868 3728 tota
891 3663 1060 3729 devotione
1082 3666 1248 3742 sollicitus,
1264 3675 1300 3731 ut
1321 3670 1388 3746 tuis

435 3781 467 3831 et
490 3780 625 3843 tuorum,
649 3769 676 3830 si
703 3767 782 3850 quid
808 3768 1023 3850 peregrinanti
1047 3768 1186 3849 dignaris
1208 3768 1390 3854 injungere,

435 3871 591 3934 mandatis
605 3865 742 3933 libenter
757 3869 921 3945 obediam,
936 3868 1079 3952 mihique
1094 3870 1168 3932 loeo
1183 3870 1291 3952 magni
1313 3892 1388 3935 mu·

433 3974 518 4035 neris
544 3974 611 4049 erit,
634 3973 661 4034 si
685 3993 734 4033 me
758 3972 866 4055 aliquo
890 3971 1046 4054 obsequio
1068 3973 1126 4048 tui,
1152 3972 1304 4035 mandato
1328 3985 1389 4037 tuo

434 4074 604 4152 contigerit
619 4073 779 4154 occupari.
828 4073 918 4135 Aude
936 4094 1022 4152 ergo,
1039 4074 1151 4150 amice,
1164 4073 1247 4136 aude
1261 4075 1388 4156 aliquid

434 4185 539 4255 petere
556 4185 610 4234 aut
625 4168 798 4255 praecipere
814 4174 917 4237 amico
934 4197 968 4237 se
992 4184 1023 4237 et
1046 4196 1103 4238 sua
1125 4185 1191 4238 tota
1212 4177 1386 4241 affectione

434 4275 529 4337 animi
546 4274 732 4355 exponenti.
