3667 5475
396 748 591 830 noo—61]
761 751 765 759 '
805 766 984 812 ammona.
1305 758 1347 816 59

395 918 429 983 Si
445 939 520 981 vero
531 937 674 1001 uuquam
689 914 731 980 ad
746 915 806 980 hoc
816 916 1016 1003 aspiravcrit,
1032 940 1141 983 omues
1152 941 1234 1005 quos
1250 921 1349 1007 hujus

392 1016 564 1084 moliminis
579 1015 727 1083 habuerit
738 1016 903 1103 adjutores
917 1017 1112 1084 anathemati
1128 1019 1348 1107 subjugamus.

393 1117 466 1183 Tibi
478 1140 620 1205 quoque,
632 1117 785 1194 Walters,
797 1139 836 1181 ne
852 1118 911 1182 hoc
926 1118 1034 1195 facias,
1045 1142 1084 1183 ex
1095 1134 1190 1205 parte
1205 1123 1348 1208 omnipo-

292 1307 295 1311 Ι
395 1222 492 1287 tentis
502 1220 574 1300 Dei,
584 1224 644 1286 sub
653 1220 853 1284 anathemate
862 1220 1096 1295 interdicimus,
1106 1234 1349 1309 etquacumque

395 1320 1351 1411 diehocattentaveriaomnibusfratribusnostrisepiscopis,

394 1438 427 1491 et
446 1425 594 1491 omnibus
615 1424 817 1511 parochianis
836 1437 868 1489 et
891 1424 1030 1489 subditis
1050 1425 1162 1490 vestris
1181 1427 1213 1490 in
1229 1427 1348 1491 virtute

393 1528 585 1596 obedientiae
593 1526 1351 1615 praecipimus‚netibidoneccesses,etcondigne

395 1627 578 1705 satisfacias,
601 1627 768 1693 ullomodo
789 1624 1021 1691 communicare
1034 1641 1240 1713 praesumant.
1286 1628 1349 1693 Sed

397 1743 429 1795 et
446 1728 553 1815 siquid
575 1728 772 1810 machinatus
793 1726 894 1791 fueris
909 1726 941 1790 in
957 1726 1102 1791 fraudem
1120 1728 1215 1813 hujus
1230 1742 1348 1796 nostras

397 1828 645 1909 constitutionis,
668 1842 786 1895 tecum
803 1827 952 1892 omnibus
972 1829 1179 1915 complicibus
1200 1831 1264 1894 tuis
1279 1831 1348 1916 jam

398 1933 493 1997 dictae
509 1931 673 1997 sentcntiae
694 1930 821 1995 noveris
835 1929 1009 2015 subjacere.
1057 1931 1130 1994 Noli
1146 1952 1223 2015 engo
1238 1932 1347 2011 frater,

397 2057 512 2111 errare,
542 2031 619 2111 noli,
650 2038 740 2098 Deus
769 2032 854 2096 enim
884 2054 946 2096 nou
977 2032 1140 2113 irridetur,
1173 2033 1228 2097 sed
1266 2033 1348 2100 habe

397 2159 505 2222 pacem
521 2158 593 2202 cum
618 2134 772 2200 fratribus
785 2134 869 2199 tuis:
894 2145 926 2199 et
949 2134 1037 2220 quod
1052 2134 1084 2198 iu
1101 2157 1158 2199 nos
1172 2136 1349 2201 immeritos

396 2236 571 2325 deliquisti,
587 2235 647 2301 tibi
662 2236 829 2322 indulgeat
845 2240 944 2302 Deus.
990 2241 1081 2302 Deus
1097 2237 1182 2324 pacis
1197 2251 1229 2302 et
1244 2237 1347 2303 solatii

395 2342 436 2404 sit
443 2339 616 2417 vobiscum,
628 2337 833 2404 dilectissime
839 2337 949 2417 frater,
955 2348 987 2401 et
993 2359 1151 2425 nos,quos
1159 2340 1199 2403 ad
1210 2362 1350 2426 praesens

395 2453 517 2525 separat
533 2441 683 2505 humanae
697 2439 888 2504 conditionis
902 2438 1081 2519 infirmitas,
1095 2439 1126 2503 in
1144 2454 1262 2506 aeterna
1277 2442 1349 2506 bea-

397 2542 534 2609 titudine
548 2565 655 2608 secum
671 2554 829 2630 perpetuo
845 2541 942 2606 faciat
956 2543 1111 2607 exultare.

397 2865 542 2930 EPIST.
565 2867 744 2932 LVL-ao
759 2885 936 2932 umanum
951 2885 1123 2930 amaussu
1139 2885 1338 2933 ue1sconuu.

696 3023 827 3108 Nigello
841 3025 972 3089 Eliensa’
985 3027 1062 3108 epia.

440 3143 513 3210 Nos
534 3165 631 3229 super
652 3165 687 3208 re
708 3165 772 3207 non
794 3143 947 3229 ambigua
968 3143 1182 3220 consuluistis,
1204 3156 1237 3209 et
1251 3167 1349 3230 quam

397 3243 574 3330 praesertim
597 3265 618 3307 a
639 3243 836 3328 sapientibus
858 3243 1002 3331 expediri
1022 3241 1131 3329 potius
1152 3259 1351 3330 oportuesat‚

397 3366 495 3430 quam
516 3343 649 3409 differri.
696 3343 862 3432 Siquidem
880 3367 988 3410 rerum
1012 3346 1154 3433 turpium
1171 3346 1260 3413 nulla
1273 3347 1351 3412 deli·

397 3443 520 3509 beratio
534 3457 593 3521 est,
616 3445 828 3532 turpitudinis
843 3445 943 3511 dilata
957 3445 1086 3531 repulsa
1100 3447 1261 3532 quandam
1277 3471 1350 3512 cou-

397 3567 507 3610 sensus
528 3545 686 3612 inhonesti
708 3546 883 3634 praetendit
905 3546 1087 3633 imaginem.
1133 3546 1220 3625 Quid
1242 3561 1349 3612 autem

397 3648 527 3734 turpius
555 3661 614 3727 est,
645 3672 742 3735 quam
773 3651 873 3715 totius
901 3649 1020 3715 divinae
1047 3649 1127 3735 legis
1159 3649 1351 3714 auctoritate

397 3760 581 3834 contempta
594 3748 625 3814 in
643 3762 751 3815 sancta
766 3763 947 3817 sauctorum
964 3751 1166 3837 impudenter
1174 3750 1306 3825 irruere,
1318 3763 1351 3815 et

398 3848 581 3938 impellente
595 3849 741 3928 avaritia,
756 3864 867 3916 contra
871 3852 929 3937 jus
937 3863 970 3915 et
981 3850 1039 3928 las,
1045 3850 1102 3935 jus
1113 3849 1350 3915 haereditarium

399 3951 431 4016 in
445 3951 543 4017 rebus
557 3949 776 4016 ecclesiasticis
791 3949 855 4015 imo
875 3963 909 4016 et
923 3951 956 4015 iu
973 3946 1043 4037 ipso
1057 3950 1151 4016 altari
1173 3949 1350 4017 vendicare.

390 4051 490 4132 Quis,
512 4051 573 4117 nisi
594 4052 758 4140 profanus,
780 4051 938 4140 patienter
959 4052 1083 4132 audiat,
1104 4054 1223 4120 nedum
1250 4067 1351 4142 petat,

399 4154 487 4241 quod
517 4166 583 4219 tam
614 4153 781 4220 manifeste
810 4153 889 4218 sacri
919 4176 1054 4219 canones
1083 4154 1238 4233 inhibent,
1262 4157 1348 4242 quod

399 4257 568 4343 utriusque
588 4257 769 4321 testamenti
795 4264 860 4320 lam
887 4277 1034 4347 expresse
1059 4257 1249 4324 condemnat
1275 4281 1350 4322 auc·
1402 4339 1406 4344 Δ

399 4359 519 4425 toritas.
566 4359 735 4425 Revolvite
765 4380 912 4435 canones,
943 4359 1094 4447 quoniam
1124 4361 1156 4426 in
1180 4362 1237 4425 hac
1261 4374 1352 4446 parte
