3667 5475
445 780 509 838 884
701 792 839 837 Joauurs
856 788 1136 837 sannsnnnmusrs
1311 785 1355 858 [A.
1372 797 1401 842 n.

446 941 649 1009 testiculum
673 942 880 1019 haereditatis,
902 941 1029 1027 quoad
1055 943 1310 1011 Gabaonitarum
1335 968 1405 1032 pre-

446 1066 526 1121 cem,
548 1066 685 1130 quornm
708 1058 834 1127 gentem
856 1044 941 1109 inter
964 1045 1143 1111 sacerdotes
1165 1047 1288 1123 Doech,
1310 1048 1406 1134 regiae

446 1143 673 1228 indignationis
710 1142 862 1220 minister,
893 1143 1062 1221 afflixerat,
1097 1146 1245 1230 patibulo
1279 1149 1406 1233 legatur

446 1246 587 1313 affixum.
631 1247 678 1311 Et
701 1245 807 1311 adhuc
828 1246 956 1331 respicit
980 1247 1072 1311 Deus
1092 1250 1122 1312 in
1144 1251 1320 1314 orationem
1343 1250 1404 1316 hu-

446 1349 582 1426 milium,
598 1360 630 1414 et
646 1371 708 1412 non
724 1348 846 1433 spernit
864 1370 972 1432 preces
986 1370 1107 1413 eorum.
1154 1351 1226 1427 Qua
1242 1373 1298 1435 spe
1314 1350 1404 1416 ducti

445 1451 616 1539 proscripti
630 1473 789 1538 pauperes
803 1462 906 1526 orant,
923 1464 955 1514 et
971 1453 1052 1526 Deo,
1069 1474 1128 1534 pro
1143 1475 1209 1537 quo
1224 1452 1404 1537 patiuntur,

444 1567 585 1629 auctore,
611 1552 735 1639 jugiter
764 1551 914 1630 orabunt,
943 1565 979 1617 nt
1010 1552 1225 1619 serenissimus
1257 1553 1404 1621 dominns

445 1678 502 1719 rex
521 1655 697 1740 condignos
719 1653 846 1718 fructus
865 1652 1061 1739 poenitentiae
1080 1654 1189 1732 faciat,
1204 1667 1237 1720 et
1252 1656 1334 1722 iram
1349 1657 1403 1723 de·

444 1756 540 1822 clinet
555 1758 784 1820 imminentem.

488 1858 620 1923 Interim
642 1856 908 1943 dispensationem
929 1860 1061 1923 Domini
1084 1858 1308 1944 aequanimiter
1323 1861 1401 1927 tole·

443 1983 561 2042 ramus,
576 1961 654 2026 certi
677 1960 764 2047 quod
788 1960 867 2025 nihil
881 1961 973 2025 nobis
995 1984 1107 2025 nocere
1129 1962 1260 2045 poterit,
1277 1961 1305 2028 si
1327 1965 1402 2029 boni

443 2062 476 2128 id
489 2078 536 2127 est
547 2063 664 2128 divinae
675 2061 755 2146 legis
767 2062 968 2128 {emulatores
978 2063 1145 2127 fuerimus.
1180 2064 1253 2126 Non
1266 2064 1351 2130 enim
1364 2080 1400 2132 ut

442 2164 602 2229 criminosi
623 2164 775 2249 patimur,
798 2163 887 2249 quod
909 2164 1038 2249 publice
1058 2177 1171 2229 notum
1193 2178 1253 2243 est,
1269 2167 1331 2233 nisi
1352 2167 1401 2234 his

442 2263 498 2349 qui
513 2262 656 2327 laborant
680 2276 714 2326 ut
737 2287 801 2327 non
822 2266 946 2349 sapiant
970 2290 1044 2351 quae
1063 2266 1125 2331 Dei
1149 2280 1232 2340 sunt,
1248 2268 1304 2334 sed
1319 2270 1401 2335 affli-

441 2364 549 2450 gimur
562 2380 600 2429 ut
617 2364 800 2431 Christiani.
848 2368 887 2429 In
911 2391 977 2452 qno
998 2381 1029 2432 et
1052 2381 1096 2446 te,
1113 2369 1323 2446 dilectissime,
1340 2394 1400 2437 nos

440 2465 620 2552 gaudemus
635 2466 753 2531 habere
767 2480 962 2532 consortem:
995 2491 1058 2531 non
1078 2471 1207 2553 quidem
1224 2481 1279 2533 tuo
1296 2473 1398 2556 (quod

441 2570 531 2635 nefas
554 2570 649 2652 esset)
678 2568 866 2635 insultantes
891 2570 1034 2655 rejectui,
1057 2570 1112 2634 sed
1138 2577 1398 2657 congratulantes

440 2670 564 2738 virtuti.
609 2675 694 2738 Nam
710 2683 741 2736 et
757 2682 793 2734 tu
810 2669 885 2733 fidei
901 2682 967 2736 tuae
982 2670 1085 2734 fecisti
1101 2672 1209 2750 fidem,
1225 2685 1258 2739 et
1277 2685 1397 2761 tempo

439 2772 555 2839 ralium
573 2774 747 2859 jacturam·
757 2772 985 2857 contempsisti,
1001 2772 1078 2836 dum
1102 2775 1266 2839 sectareris
1286 2778 1397 2842 hones-

440 2887 551 2952 tatem,
581 2887 613 2938 et
643 2873 838 2940 satisfaceres
868 2874 1003 2939 caritati.
1064 2873 1162 2952 Quid,
1192 2873 1308 2941 dilecte
1341 2880 1395 2954 mi,

439 2977 659 3062 obstupescis?
690 2976 767 3062 quid
791 2976 964 3040 mussitas?
997 2974 1075 3062 quid
1099 2976 1258 3042 lucernam
1287 2982 1396 3045 niteris

439 3077 630 3142 obfuscare?
660 3076 777 3140 crimen
793 3089 887 3140 tuum
903 3077 1024 3140 mundo
1039 3076 1200 3141 innotuit:
1229 3082 1395 3146 omnesdc

438 3191 471 3244 te
487 3203 583 3244 unam
606 3180 793 3243 sententiam
809 3179 936 3244 ferunt:
969 3192 1000 3242 et
1023 3202 1061 3242 ne
1081 3189 1110 3242 te
1126 3179 1249 3243 diutius
1272 3198 1395 3266 protra-

438 3281 523 3357 ham,
540 3280 770 3364 Evangelicum
783 3281 923 3364 implesti
939 3280 1054 3355 virum,
1068 3305 1127 3365 pro
1142 3282 1240 3346 fratre
1255 3284 1393 3348 animam

439 3403 569 3467 ponens,
597 3381 672 3444 dnm
704 3392 735 3444 te
765 3403 825 3465 pro
849 3382 979 3464 justitia
1008 3384 1147 3450 maluisti
1175 3385 1393 3464 condemnari,

438 3503 536 3568 quam
557 3481 666 3559 alium,
690 3483 743 3546 cui
766 3485 870 3548 virtus
892 3485 1083 3550 obedientiae
1106 3485 1285 3571 reputanda
1307 3487 1395 3552 vide-

436 3585 545 3663 batur,
567 3583 599 3648 in
625 3584 766 3662 crimine,
789 3585 814 3650 si
838 3609 949 3649 verum
972 3587 1138 3662 fateretur,
1160 3589 1315 3666 accusari,
1339 3589 1393 3653 sed

436 3711 494 3753 nec
509 3688 562 3753 ille
579 3689 630 3767 (ut
645 3687 743 3772 vulgo
759 3686 889 3768 dicitur)
905 3686 1001 3751 fidem
1018 3703 1050 3753 et
1065 3688 1278 3754 obedientiam
1295 3713 1394 3756 ausus

435 3803 483 3856 est
506 3788 658 3876 profiteri,
673 3810 731 3852 nec
754 3801 803 3868 tu,
817 3788 905 3873 quod
928 3789 1106 3874 gaudenter
1129 3791 1316 3874 amplector,
1332 3792 1394 3856 dif-

434 3891 516 3955 fiteri
533 3890 686 3975 dignatus
701 3913 735 3953 es
749 3890 823 3955 fidei
841 3903 873 3955 et
889 3891 1080 3957 obedientiae
1096 3891 1239 3957 titulum.

477 3993 584 4066 Quum
601 4015 678 4077 ergo
693 3991 793 4076 gratis
811 3990 913 4055 virtus
933 3991 1009 4056 fidei
1025 3994 1065 4057 sit
1082 3993 1113 4057 in
1138 4006 1169 4057 te
1192 3995 1321 4078 punita,
1335 4009 1392 4060 aut

433 4091 540 4177 potius
554 4093 690 4174 probata
704 4116 762 4177 per
775 4094 930 4171 homineS,
946 4096 1095 4180 nunquid
1111 4096 1246 4180 perfidia
1268 4119 1393 4184 praeva-

431 4189 615 4265 ricatorum,
631 4204 663 4256 et
686 4192 951 4257 calumniatorum
976 4195 1131 4282 iniquitas
1153 4219 1218 4260 non
1240 4199 1391 4262 condem-

431 4292 561 4356 nabitur
576 4293 663 4376 apud
688 4296 819 4356 Deum?
852 4295 942 4359 Deus
957 4297 1035 4360 mihi
1052 4298 1141 4362 testis
1164 4312 1212 4364 est
1235 4301 1390 4385 quoniam

432 4392 523 4457 doleo
551 4393 670 4460 Christi
696 4392 779 4477 regis
809 4393 947 4478 sigillum
975 4421 1042 4462 esse
1068 4399 1278 4464 subtractum.
1327 4402 1392 4465 Sed
