3667 5475
515 774 574 834 lca
780 785 917 830 sossms
933 784 1209 830 sanasssmsssrs
1378 767 1426 850 [s.
1443 790 1474 833 n

517 939 663 1013 mabunt‚
678 959 759 1023 quos
781 959 885 999 rerum
910 936 1050 1021 qualitas
1071 952 1103 1000 et
1123 959 1229 999 causae
1243 937 1387 1001 calculus
1403 940 1474 1002 risi·

517 1041 573 1104 bili
597 1040 699 1125 specie
722 1039 847 1125 plenius
868 1038 1057 1102 edocebunt.
1105 1038 1176 1123 Ego
1198 1062 1331 1125 quoque
1352 1041 1387 1103 in
1410 1065 1475 1128 qnn

517 1163 645 1227 possum
671 1142 730 1204 tibi
752 1162 815 1204 non
840 1139 947 1216 deero,
972 1139 1093 1203 litteras
1115 1163 1197 1225 quas
1218 1163 1258 1203 ex
1285 1155 1378 1227 parte
1403 1165 1474 1205 mea

516 1242 646 1307 domino
669 1265 761 1327 papae
785 1241 902 1317 trades,
924 1243 1060 1328 accipies
1082 1266 1102 1305 a
1127 1242 1226 1306 latore
1253 1245 1471 1327 praesentium,

516 1342 575 1407 tibi
589 1357 621 1406 et
637 1342 793 1406 fratribus
807 1340 927 1405 domini
950 1344 1157 1428 praecentoris
1176 1344 1296 1406 bonum
1311 1359 1471 1429 optantes,

517 1456 551 1508 et
566 1442 687 1507 utinam
703 1442 900 1507 obtinentes!
927 1442 960 1506 Si
975 1448 1123 1507 affectum
1136 1444 1269 1509 effectus
1285 1467 1348 1508 non
1364 1445 1471 1533 sequi·

517 1559 583 1619 tur,
597 1545 738 1608 animum
755 1543 872 1608 veteris
883 1543 977 1607 amici
992 1566 1055 1607 noa
1071 1568 1198 1630 argues,
1213 1545 1269 1609 sed
1284 1547 1461 1611 fontanam.

532 1784 754 1849 EPISTOLA
778 1782 971 1846 CXV.-an
987 1800 1127 1848 aeraria
1141 1801 1303 1848 annam
1317 1802 1465 1849 cannan-

830 1901 907 1945 sau.
925 1881 972 1962 [s.
989 1901 1019 1946 n.
1041 1885 1150 1965 naa]

859 2034 999 2100 Celaeno·
1015 2037 1136 2100 Abbati.

562 2152 781 2217 Oocasronau
792 2152 949 2216 scribendi
961 2152 1050 2217 vobis
1057 2155 1470 2242 gratanterarripui,quum

517 2253 604 2341 apud
627 2274 684 2317 nos
698 2253 837 2316 riderem
858 2253 1031 2330 hominem,
1047 2277 1142 2339 quem
1165 2255 1207 2318 ad
1223 2279 1278 2318 vos
1299 2258 1469 2321 credebam

517 2378 730 2421 reversurum.
775 2355 900 2419 Nuntio
923 2355 1023 2437 igitur
1049 2356 1248 2420 salutationis
1271 2370 1388 2420 restrae
1416 2360 1471 2421 be-

518 2460 615 2541 nigne
630 2469 788 2541 suscepto,
799 2478 872 2520 cum
887 2479 926 2519 eo
940 2456 981 2520 de
996 2456 1162 2521 referenda
1172 2458 1264 2521 robis
1278 2456 1471 2524 salutatione

518 2558 675 2636 contraxi,
701 2560 761 2623 sub
791 2571 922 2644 accepta
946 2559 1103 2637 cautione,
1129 2559 1207 2645 quia
1231 2582 1365 2646 persona
1391 2562 1470 2625 mibi

516 2674 585 2727 erat
599 2661 769 2747 incognita.
814 2661 896 2738 Qua
909 2660 1020 2745 itaque
1034 2660 1118 2724 circe
1139 2684 1190 2724 me
1212 2675 1300 2738 sunt,
1315 2685 1354 2725 ex
1378 2677 1469 2749 parte

518 2765 674 2839 describo,
695 2777 728 2829 et
751 2785 876 2849 possem
900 2764 1023 2827 utinam
1047 2764 1182 2828 scribere
1204 2763 1344 2829 laetiora!
1380 2765 1469 2830 Post·

518 2892 615 2955 quam
636 2868 677 2932 ab
696 2864 825 2931 ecclesia
848 2868 993 2929 Romana
1013 2887 1158 2930 reversus
1181 2890 1263 2944 sum,
1279 2879 1327 2931 tot
1350 2869 1471 2932 acerbi-

519 2971 595 3035 tatis
609 2993 675 3034 suae
700 2968 859 3032 molestias
882 2968 915 3030 in
940 2989 990 3030 me
1005 2967 1135 3030 fortuna
1159 2969 1328 3051 congessit,
1343 2983 1380 3033 ut
1404 2969 1470 3033 fere

519 3072 597 3137 nibil
613 3070 795 3134 adversitati
811 3069 987 3132 existimem
1005 3092 1055 3132 me
1070 3082 1163 3132 antea
1178 3070 1366 3152 praetulisse.
1406 3073 1470 3135 Mi-

517 3172 632 3238 ramini
654 3171 797 3244 forsitan,
818 3182 849 3233 et
872 3170 1111 3255 obstupescitis,
1131 3170 1211 3255 quid
1235 3194 1285 3233 me
1307 3182 1470 3258 tantopere

518 3276 659 3363 potuerit
675 3273 872 3358 perturbare.
918 3278 997 3336 Haec
1012 3274 1045 3336 in
1061 3296 1138 3336 aure
1153 3285 1256 3337 vestra
1273 3277 1381 3356 paucis
1397 3298 1472 3357 ape-

516 3377 606 3441 riam.
651 3373 846 3439 Serenissimi
862 3374 995 3451 domini,
1012 3374 1219 3459 potentissimi
1235 3373 1354 3435 domini
1371 3376 1467 3457 regis,

517 3474 713 3543 invictissimi
730 3474 883 3560 principis
903 3478 1003 3540 nostri
1027 3491 1094 3540 tota
1108 3476 1140 3538 in
1156 3498 1206 3538 me
1228 3473 1394 3539 incanduit
1417 3477 1468 3540 in·

515 3579 670 3665 dignatio.
717 3579 749 3641 Si
776 3600 901 3640 causam
930 3577 1084 3663 quaeritis,
1112 3581 1143 3643 ei
1169 3579 1251 3641 forte
1277 3576 1351 3663 plus
1376 3578 1469 3663 justo

516 3682 590 3759 sari,
610 3678 801 3768 promotioni
826 3702 892 3742 suae
919 3679 1124 3765 ultraquam
1150 3677 1328 3764 oportuerit
1352 3680 1468 3755 institi,

516 3787 557 3851 ad
574 3785 633 3849 hoo
650 3798 718 3850 toto
737 3782 893 3846 desiderio
915 3782 1020 3846 cordis
1043 3783 1216 3870 suspirans,
1233 3795 1270 3845 ut
1293 3804 1388 3867 quem
1405 3783 1469 3844 for·

515 3899 603 3950 tunoe
626 3884 746 3948 invidia
769 3883 934 3946 credebam
959 3887 1172 3959 exultantem,
1196 3882 1396 3946 miseratione
1420 3881 1470 3944 di-

515 3986 588 4049 vina
613 4000 797 4069 regnantem
824 4007 982 4048 cernerem
1009 3988 1042 4048 in
1067 3998 1194 4070 patrum
1221 3985 1310 4058 solio,
1334 3996 1365 4047 et
1391 3984 1468 4066 jura

513 4084 685 4150 dictantem
701 4085 733 4146 in
750 4087 877 4170 populis
892 4096 924 4149 et
939 4086 1130 4150 nationibus.
1177 4085 1228 4148 Sic
1252 4086 1335 4148 forte
1361 4084 1467 4148 decre-

514 4186 561 4249 vit
592 4185 750 4249 Dominus
784 4186 896 4270 punire
936 4187 1167 4272 impatientiam
1207 4187 1356 4250 desiderii
1397 4186 1468 4250 mei.

514 4286 675 4372 Quicquid
702 4287 784 4349 enim
812 4286 1015 4369 impatienter
1039 4292 1214 4377 appetitur,
1239 4288 1290 4352 vel
1314 4289 1391 4373 fuga
1416 4287 1465 4350 vel

514 4411 639 4455 accessu
655 4387 773 4453 doloris
785 4387 937 4473 importat
950 4391 1083 4456 aculeos.
1126 4391 1234 4475 Hujus
1246 4404 1351 4455 tamen
1364 4389 1468 4474 culpae
