3667 5475
430 759 471 817 46
687 767 824 811 somnus
840 766 1123 814 slnssnsarnnsrs
1297 754 1345 833 [a.
1362 773 1392 816 n.

432 941 528 993 mere,
543 930 574 981 et
591 930 708 995 tenere,
723 917 777 981 sed
793 939 850 981 nec
865 917 1003 1003 aliquem
1021 916 1171 1005 recipere,
1185 919 1245 986 nisi
1260 921 1394 986 consilio

432 1030 551 1094 vestro,
563 1014 641 1079 dum
655 1038 704 1080 res
715 1014 747 1080 in
759 1016 901 1101 pendulo
912 1029 973 1098 est,
984 1017 1015 1081 in
1032 1040 1130 1103 regno
1142 1034 1250 1084 vestro
1265 1020 1392 1092 licitum

431 1141 497 1184 esse
519 1115 695 1182 credimus:
728 1141 786 1184 nec
807 1118 936 1204 expedit
954 1119 1063 1207 aliquo
1086 1120 1181 1186 modo
1198 1135 1235 1187 ut
1258 1122 1395 1190 ecclesis

431 1217 608 1305 Anglornm
634 1218 787 1286 Romanae
810 1222 950 1287 ecclesiae
973 1220 1135 1288 scindatur
1156 1224 1320 1311 exemplo,
1343 1225 1395 1290 vel

431 1344 529 1407 regno
555 1335 587 1387 et
616 1319 793 1387 sacerdotio
818 1333 950 1406 praestet
974 1323 1140 1388 materiam
1164 1325 1394 1393 contendendi.

332 1510 336 1516 η
432 1426 539 1501 Quum
551 1444 628 1507 ergo
642 1423 862 1509 episcoporum
879 1422 1023 1511 quidam,
1035 1437 1066 1489 et
1082 1425 1236 1494 abbatum
1251 1429 1393 1498 Romam

431 1536 504 1592 eant
520 1533 577 1588 aut
598 1521 736 1601 mittant,
751 1522 833 1608 quid
848 1522 1001 1590 faciemus
1023 1545 1091 1601 nos,
1108 1524 1163 1608 qni
1178 1547 1247 1609 pras
1268 1527 1395 1604 caeteris

432 1624 607 1713 pendemus
632 1646 652 1688 a
677 1624 807 1688 consilio
835 1637 952 1701 vestro,
979 1638 1010 1690 et
1038 1648 1146 1692 sumus
1172 1650 1241 1712 prae
1267 1632 1394 1700 oaeteria

434 1730 587 1795 Romana
599 1725 738 1791 ecclesiae
747 1725 900 1808 obligati?
925 1727 1086 1813 Quicquid
1100 1729 1183 1792 enim
1193 1729 1249 1798 alii
1258 1732 1394 1809 faciant,

432 1854 490 1895 nos
515 1852 582 1894 eam
608 1851 647 1893 ex
675 1828 871 1912 professione
898 1840 1005 1892 nostra
1034 1831 1164 1895 statutis
1189 1832 1394 1919 temporibus

432 1932 576 2015 cogimur
598 1929 735 1992 visitare.
782 1929 856 1992 Erit
877 1943 984 1993 autem
1007 1931 1097 1995 nobis
1119 1933 1348 2018 periculosum,
1368 1937 1393 2000 si

433 2031 520 2118 apud
537 2052 621 2105 eum,
637 2028 694 2114 qui
717 2028 861 2092 victurus
881 2044 942 2108 est,
957 2054 1053 2117 quem
1073 2033 1212 2097 nondum
1230 2038 1392 2112 novimus,

433 2132 487 2197 alii
502 2132 559 2218 qni
571 2131 676 2194 minus
688 2128 816 2194 honoris
827 2131 868 2195 ab
880 2132 1011 2198 ecclesia
1027 2131 1172 2199 Romana
1186 2152 1393 2223 acceperunt,

434 2232 632 2298 devotionem
668 2243 806 2294 nostram
841 2235 1062 2319 praevenerint.
1118 2236 1248 2301 Dicitur
1281 2252 1392 2306 autem

434 2334 521 2422 qnod
547 2335 694 2420 majestas
720 2347 825 2397 vestra
852 2334 1044 2419 quibusdam
1073 2336 1161 2401 dedit
1189 2338 1265 2402 illuc
1292 2342 1393 2405 eundi

432 2436 603 2511 licentiam,
625 2449 657 2501 et
686 2434 870 2504 nominatim
897 2434 1027 2519 hirqui
1049 2435 1199 2504 laetantur
1224 2438 1265 2508 de
1287 2454 1394 2506 morte

437 2537 584 2615 Adriani,
599 2535 667 2622 qui,
683 2536 763 2600 sicut
779 2544 879 2599 mater
900 2535 1029 2602 unicum
1045 2550 1129 2602 amat
1142 2538 1259 2619 filium,
1273 2540 1321 2606 ita
1336 2564 1394 2612 vos

434 2637 606 2723 diligebat:
634 2650 667 2702 et
683 2648 757 2700 sunt
778 2632 922 2702 nonnulli
947 2658 1069 2717 eornm,
1084 2635 1166 2701 sicut
1187 2638 1311 2705 celebre
1331 2655 1394 2719 est,

435 2741 466 2806 in
482 2738 603 2807 insidiis
619 2759 761 2826 personae
776 2749 831 2800 ant
848 2734 988 2800 ecclesiae
1003 2754 1129 2805 nostrae.
1165 2741 1394 2827 Supplicamus

434 2844 543 2930 itaque
565 2840 727 2906 dulcedini
751 2851 876 2915 vestras,
893 2851 929 2907 ut
947 2839 979 2903 in
1002 2840 1060 2903 hac
1084 2855 1175 2926 parte
1195 2845 1395 2928 provideatis

433 2943 533 3019 aetati,
556 2940 732 3005 infirmitati
756 2953 884 3017 nostrae,
899 2952 932 3004 et
954 2940 1041 3025 quod
1065 2942 1165 3026 magis
1187 2955 1337 3027 optamus
1358 2961 1394 3015 et

433 3066 572 3118 oramus,
593 3041 705 3126 gloriae
732 3057 857 3104 vestrae.
904 3045 936 3107 A
961 3041 1057 3107 modo
1079 3043 1161 3108 enim
1185 3044 1253 3128 jam
1278 3047 1393 3113 breves

434 3157 527 3215 erunt
542 3143 611 3209 dies
625 3141 739 3217 nostri,
755 3163 811 3205 nec
827 3165 886 3226 pro
907 3145 953 3208 eis
967 3144 1105 3209 multum
1128 3146 1335 3215 sollicitamur
1349 3151 1394 3215 ad

433 3267 582 3333 praeseus,
594 3242 649 3307 sed
665 3263 724 3325 pro
735 3240 867 3306 ecclesia
883 3245 1117 3324 cantuariensi,
1129 3271 1224 3333 quam
1241 3251 1394 3334 parvitati

434 3368 513 3415 meae
541 3355 574 3408 st
605 3340 761 3427 majestati
785 3355 899 3407 vestrae
922 3346 1080 3410 commisit
1104 3350 1201 3415 Deus.
1248 3354 1317 3414 Nec
1342 3366 1393 3418 est

434 3443 522 3531 qnod
548 3454 685 3526 vestram
710 3442 813 3526 magis
838 3442 948 3507 deceat
974 3445 1205 3526 excellentiam,
1229 3473 1327 3536 qnam
1353 3465 1392 3521 ut

434 3567 503 3613 eam
520 3542 649 3611 servetis
671 3539 860 3606 indemnem.
907 3542 985 3628 Ipsa
1006 3556 1053 3608 est
1076 3546 1159 3609 enim
1178 3561 1277 3634 caput
1299 3556 1395 3636 regni

434 3646 542 3724 vestri,
559 3657 591 3710 et
605 3644 696 3709 vobis
716 3655 748 3708 et
765 3644 825 3709 toti
846 3665 957 3728 regno,
972 3644 1046 3710 fidei
1068 3669 1182 3734 parens
1201 3650 1234 3713 in
1251 3651 1394 3725 Christo.

435 3747 598 3835 Quicquid
618 3759 726 3813 autem
740 3746 770 3811 ei
791 3745 969 3811 detractum
990 3747 1097 3825 fuerit,
1121 3763 1262 3817 vestrum
1282 3752 1393 3819 detur-

434 3854 521 3940 pabit
538 3852 701 3929 bonorem‚
713 3871 751 3910 eo
766 3847 853 3932 quod
870 3848 972 3912 honor
982 3848 1095 3936 capitis
1110 3873 1203 3937 aeque
1214 3873 1393 3940 numquam

433 3968 550 4019 caetera
563 3951 706 4017 membra
720 3949 852 4013 decebit.
890 3950 1045 4015 lncautns
1060 3966 1107 4016 est
1122 3953 1205 4015 enim
1222 3953 1277 4038 qui
1292 3969 1392 4040 caput

433 4053 566 4138 exponit
587 4048 747 4135 periculis,
771 4067 807 4115 ut
829 4050 1001 4134 ignobilem
1031 4053 1079 4116 sui
1104 4052 1234 4118 honoret
1257 4068 1392 4138 partem.

435 4157 541 4238 Super
566 4151 616 4213 his
641 4163 846 4233 expectamus
871 4166 904 4215 et
929 4152 1146 4219 desideramus
1169 4155 1333 4221 consilinm
1359 4170 1393 4221 et

434 4253 590 4321 auxilium
606 4261 758 4319 vestrum·
787 4250 902 4316 Valeat
917 4252 948 4316 in
962 4277 1064 4321 aevnm
1082 4254 1264 4321 sublimitas
1276 4270 1393 4324 vestra.

435 4360 535 4423 Latos
549 4349 753 4439 praesentium
769 4373 835 4415 rem
852 4352 978 4437 plenius
993 4371 1140 4443 exponet.
