3667 5475
452 779 512 840 104
706 798 841 846 JOANNIS
857 797 1131 844 saansnnnrausrs
1309 781 1355 861 [a.
1374 780 1403 853 b.

447 948 603 1015 tiendum.
655 947 811 1012 Solebatia
836 960 867 1012 et
895 949 972 1011 milri
1004 949 1142 1015 credere.
1198 952 1265 1014 Nec
1294 952 1403 1016 adhuc

444 1051 573 1136 quidem
598 1049 750 1127 demerui,
773 1051 975 1116 conscientiae
997 1065 1029 1115 et
1052 1053 1141 1117 verbi
1166 1053 1227 1117 mei
1254 1054 1344 1120 testis
1368 1053 1400 1118 in

441 1151 522 1216 coelo
550 1152 651 1217 fidelis
673 1166 733 1228 est,
755 1165 787 1216 et
809 1152 865 1238 qui
895 1175 988 1217 omne
1017 1154 1216 1219 mendacium
1247 1155 1340 1241 punit
1367 1168 1402 1220 et

445 1255 587 1318 mercede
601 1255 733 1318 amicam
751 1253 810 1317 sibi
826 1268 1008 1318 remunerat
1024 1255 1200 1319 veritatem.
1247 1256 1399 1319 Latorem

443 1356 647 1442 praesentium
675 1355 779 1419 minus
809 1354 943 1440 diligere
963 1358 1139 1431 consuevit,
1165 1380 1203 1420 ex
1232 1378 1299 1443 quo
1324 1379 1399 1421 eum

443 1459 532 1545 coegi
547 1458 588 1522 ad
605 1456 755 1533 reditum,
768 1457 948 1542 suspicatus
962 1457 1050 1544 quod
1069 1481 1117 1523 me
1132 1458 1308 1534 induceret,
1319 1458 1400 1522 adeo

445 1558 575 1645 quidem
602 1574 639 1625 ut
663 1559 754 1624 illum
778 1559 833 1623 vix
858 1560 1014 1644 coegerim
1039 1562 1254 1639 transfretare,
1276 1560 1332 1624 sed
1357 1560 1399 1624 ad

444 1660 504 1725 boc
519 1684 570 1726 me
584 1673 728 1746 coegerat
744 1683 833 1724 amor
848 1674 962 1738 vester,
971 1660 1023 1725 cui
1040 1660 1141 1725 debeo
1156 1662 1310 1748 quicquid
1327 1686 1398 1726 sum

444 1777 475 1829 et
492 1786 632 1851 possum,
643 1766 741 1828 immo
755 1776 788 1827 et
803 1763 957 1849 quicquid
973 1786 1026 1826 ero
1042 1778 1073 1828 et
1089 1777 1212 1849 potero,
1229 1778 1260 1829 et
1276 1764 1302 1828 si
1318 1766 1399 1852 quid

446 1880 551 1932 tamen
567 1866 705 1952 amplius
720 1879 864 1952 potuero.
910 1864 1030 1930 Valere.

708 2120 931 2185 EPISTOLA
956 2121 1126 2185 LXXVII.

487 2278 630 2342 Gnarum
655 2289 768 2341 vestrae
792 2279 1007 2365 congratulor,
1022 2303 1096 2366 quae
1119 2278 1197 2343 dum
1219 2281 1396 2346 amicorum

442 2403 597 2456 meorum,
615 2394 651 2445 ut
673 2381 826 2457 creditur,
842 2382 1022 2467 profectum
1045 2383 1174 2469 quaerit,
1195 2405 1300 2447 meum
1323 2406 1397 2469 pro-

441 2481 558 2545 meruit
575 2482 776 2547 famulatum.
823 2485 996 2560 Caeterum,
1014 2483 1096 2549 sicut
1109 2506 1170 2547 non
1187 2504 1315 2569 possum
1333 2489 1395 2546 non

441 2583 619 2669 approbare
636 2583 777 2649 caritatis
792 2584 954 2661 affectum,
978 2588 1022 2649 sic
1037 2608 1099 2649 non
1122 2607 1251 2671 possum
1275 2585 1397 2670 simpli-

440 2686 546 2753 citatis
571 2709 633 2752 non
659 2688 830 2774 reprobare
861 2687 1040 2754 consilium.
1088 2686 1217 2752 Gradus
1243 2687 1338 2767 enim,
1361 2688 1394 2751 in

441 2812 534 2875 quem
564 2790 656 2854 illum
686 2794 823 2855 amicum
849 2803 988 2856 vestrum
1016 2790 1113 2854 vultis
1134 2789 1309 2864 intrudere,
1336 2812 1395 2854 nec

438 2897 605 2978 proposito
617 2893 687 2979 ejus
702 2893 863 2978 congruit,
872 2914 931 2957 nec
943 2891 1041 2970 artati,
1052 2891 1105 2955 sed
1118 2905 1203 2955 certe
1215 2915 1272 2956 nec
1285 2891 1394 2956 saluti.

438 2994 606 3059 Desiderio
629 3017 760 3080 quoque
775 3008 879 3058 vestro
894 3018 966 3057 cum
990 2993 1102 3060 multis
1120 2993 1190 3056 aliis
1214 2997 1297 3059 ratio
1313 3002 1394 3057 tem-

438 3095 522 3177 poris
545 3096 736 3180 refragatur,
757 3109 789 3158 et
813 3094 883 3159 loci.
929 3099 1033 3160 Nemo
1059 3091 1164 3181 potest
1187 3094 1316 3160 duobus
1336 3095 1396 3182 do-

437 3195 531 3260 minis
554 3197 681 3271 servire,
705 3209 743 3258 ut
765 3195 925 3281 liquidum
948 3197 988 3260 sit
1010 3199 1135 3282 justum
1160 3219 1222 3260 uon
1246 3187 1338 3282 posse
1360 3212 1392 3262 et

436 3296 593 3380 profectui
619 3287 755 3361 fratrum
782 3296 947 3383 invigilare
978 3300 1112 3375 utiliter,
1139 3312 1170 3363 et
1198 3297 1392 3363 satellitibus

435 3395 532 3459 curiae
555 3396 595 3458 ad
621 3401 757 3481 gretiam
781 3401 937 3462 famulari.
984 3404 1099 3464 Nonne
1121 3400 1173 3464 isti
1197 3400 1228 3462 in
1254 3401 1393 3486 patroci-

435 3497 524 3560 nium
545 3497 771 3584 improbitatis,
788 3522 827 3564 ne
849 3499 952 3564 dicam
976 3499 1182 3586 flagitiorum,
1200 3501 1239 3564 ad
1264 3501 1392 3585 singula

435 3602 554 3686 regiam
570 3610 736 3687 opponunt
754 3603 1011 3668 auctoritatem?
1032 3603 1120 3668 Bene
1140 3627 1217 3688 ergo
1235 3603 1341 3689 agenti
1359 3616 1391 3667 et

434 3705 536 3768 tuenti
553 3703 792 3769 ecclesiasticam
808 3705 987 3768 libertatem
1003 3705 1090 3788 apud
1105 3728 1160 3769 vos
1172 3705 1277 3766 obstat
1294 3704 1391 3789 regis,

434 3804 487 3867 sed
504 3805 585 3868 male
600 3803 708 3891 agenti
730 3805 880 3870 reclamat
896 3804 1017 3890 ubique
1033 3805 1207 3868 auctoritas
1223 3803 1302 3887 legis
1324 3805 1391 3865 Do-

431 3905 519 3969 mini.
573 3907 653 3983 Quis
683 3929 786 3970 senem
814 3908 846 3970 in
877 3905 1060 3971 consulatus
1086 3904 1205 3989 angulo
1234 3907 1389 3990 positum,

433 4005 597 4068 commode
611 4008 706 4071 faciat
723 4009 856 4073 circuire
878 4008 1085 4093 provinciam,
1100 4021 1131 4071 et
1152 4006 1390 4093 emergentibus

430 4126 522 4166 novae
541 4103 737 4171 difficultatis
752 4108 894 4172 articulis
916 4108 947 4171 in
973 4120 1133 4171 momento
1149 4110 1388 4171 transcurrere?

431 4203 577 4268 Alienum
595 4203 657 4267 fuit
674 4226 831 4289 sempera
847 4206 1011 4291 proposito
1027 4207 1175 4281 hominis,
1192 4207 1327 4270 aliorum
1346 4206 1389 4269 ob

430 4304 595 4371 avaritiam
606 4306 1064 4390 explorareritam‚vicinorum
1075 4307 1387 4393 insidiarioperibuss

431 4407 549 4473 amicos
571 4416 640 4471 reos
663 4407 777 4484 facere,
793 4424 885 4474 notos
907 4409 1027 4495 pariter
1050 4425 1080 4474 et
1104 4411 1240 4495 ignotos,
1260 4422 1297 4473 ut
1320 4409 1389 4494 pla.
