3667 5475
512 759 572 817 146
761 769 897 813 Joaums
912 766 1187 812 saansnnmausrs
1367 752 1416 826 [Α.
1434 769 1470 812 n.

514 922 646 986 effectus
670 934 779 985 autem
807 919 967 983 Dominus
997 918 1192 1004 procurabit.
1238 918 1325 995 Quid
1351 917 1393 981 de
1421 940 1473 982 me

510 1024 624 1097 dicam,
639 1023 695 1108 qui
708 1037 796 1087 totus
811 1034 913 1084 rester
929 1042 1010 1099 sum,
1025 1031 1057 1083 et
1073 1019 1222 1083 illorum?

554 1128 604 1189 De
630 1138 746 1188 caetero
775 1122 958 1187 liberalitati
986 1135 1099 1185 vestrae
1129 1144 1188 1207 pro
1214 1122 1356 1207 epistolis
1382 1122 1471 1186 beati

512 1226 669 1291 Bernardi
691 1228 811 1307 gratias
833 1246 904 1307 ago,
929 1223 1070 1309 antiquis
1089 1223 1235 1286 insistens
1255 1224 1417 1309 precibus,
1437 1237 1475 1288 ut

511 1328 604 1392 flores
626 1327 794 1391 verborum
815 1328 886 1410 ejus
907 1348 991 1410 quos
1013 1325 1200 1409 conquirere
1222 1326 1369 1413 poteritis
1393 1327 1473 1389 mihi

512 1426 679 1492 transcribi
703 1425 838 1501 faciatis,
862 1440 893 1489 et
925 1426 950 1488 si
975 1424 1054 1510 quid
1083 1425 1268 1510 hujusmodi
1296 1426 1384 1511 apud
1416 1449 1474 1491 vos

515 1543 661 1615 paratum
678 1542 735 1605 est,
751 1548 810 1611 per
826 1543 950 1590 nostros
965 1528 1094 1589 nuntios
1109 1527 1271 1593 afferatur.
1314 1532 1473 1593 Praeterea

453 1640 462 1654 ''
514 1633 598 1698 beati
615 1631 735 1715 Aigulfi
753 1630 828 1693 mibi
841 1629 975 1715 pignora
990 1629 1189 1714 promisistis,
1203 1631 1254 1694 cni
1271 1631 1346 1695 satis
1360 1647 1472 1717 gratu·

514 1736 573 1800 lari
590 1758 651 1798 non
668 1755 816 1819 possum3
842 1732 895 1795 sed
908 1732 981 1795 licet
998 1731 1074 1795 mihi
1087 1735 1222 1797 sufficiat
1238 1734 1341 1817 gratia
1355 1749 1472 1812 vestra,

515 1859 637 1923 precor,
658 1836 681 1899 si
706 1834 773 1897 fieri
796 1846 912 1919 potest,
928 1847 965 1896 ut
988 1833 1030 1896 de
1052 1833 1195 1919 reliquiis
1210 1834 1314 1897 beatae
1335 1837 1472 1911 Savinae,

514 1938 674 2013 Memorii,
691 1938 718 1999 F
721 1936 892 2008 rodoberti,
909 1949 941 1999 et
958 1936 1103 2011 aliorum,
1120 1957 1257 2020 quorum
1274 1958 1355 2021 pane
1370 1939 1473 2004 nutri-

515 2058 569 2104 tus
594 2062 677 2115 sum,
704 2062 761 2125 per
787 2038 914 2103 eosdem
942 2039 1021 2102 mihi
1053 2038 1194 2102 mittatis.
1240 2038 1342 2128 Quod
1357 2054 1472 2105 ¹nutem

513 2138 699 2223 hujusmodi
728 2136 813 2200 mitti
847 2137 1015 2222 placuerit,
1043 2159 1140 2200 manu
1170 2148 1277 2200 vestra
1309 2138 1470 2223 signatum

442 2234 455 2251 ⁶
513 2239 660 2303 tradatur
685 2238 815 2313 nuntiis,
839 2252 870 2302 et
893 2238 1073 2305 litterarum
1097 2254 1274 2304 vestrarum
1297 2264 1475 2329 prosequu-

515 2341 599 2404 tione
615 2340 671 2405 fiat
686 2340 917 2404 authenticum.

514 2646 736 2710 EPISTOLA
764 2644 1330 2709 xcv111.—mnaaa1cmausc.
1347 2664 1473 2711 wruro-

792 2762 944 2807 uraussu
964 2744 1009 2824 [A.
1027 2765 1056 2808 n.
1078 2748 1185 2827 lma]

722 2903 865 2965 Henra'co
878 2906 1021 2988 episcopo
1041 2905 1261 2969 Wintom'enaa'.

558 3037 653 3112 Quor
679 3048 710 3098 et
740 3048 862 3119 quanta
891 3037 975 3098 mala
1000 3036 1139 3102 ecclesiis
1168 3038 1288 3103 Christi
1318 3058 1468 3125 procuret

514 3137 648 3222 pastoris
663 3136 816 3212 absentia,
829 3136 886 3200 etsi
903 3152 997 3202 autea
1019 3140 1109 3203 nobis
1125 3140 1237 3212 fuisset
1261 3141 1471 3228 incognitum,

512 3262 551 3301 ex
583 3239 649 3300 solo
674 3238 937 3322 peregrinationis
967 3256 1087 3306 vestroe
1113 3243 1280 3328 dispendio
1306 3246 1471 3330 potuimus

511 3336 667 3400 didicisse.
714 3338 882 3401 Biennium
899 3341 982 3403 enim
999 3357 1101 3406 estex
1125 3366 1190 3427 quo
1206 3344 1307 3406 fames
1323 3347 1422 3431 coepit
1436 3347 1470 3410 in

512 3453 595 3501 terra
612 3449 725 3517 vestra,
741 3460 801 3500 non
827 3439 977 3523 equidem
1001 3442 1100 3504 fames
1116 3441 1314 3521 victualium,
1330 3467 1471 3530 quorum

511 3537 656 3602 satietate
667 3560 686 3599 a
697 3541 786 3601 cultu
802 3538 933 3602 Domini
944 3541 1110 3617 avertitur,
1124 3556 1155 3606 et
1168 3548 1359 3630 plerumque
1371 3549 1469 3611 recal-

511 3639 605 3704 citrat
617 3639 756 3726 populus
772 3642 977 3717 incrassatus,
989 3643 1221 3729 impinguatus,
1237 3646 1401 3724 dilatatuS,
1414 3649 1468 3713 s'ed

509 3743 608 3807 sames
633 3741 784 3806 audiendi
809 3742 942 3805 verbum
969 3744 1110 3808 Domini.
1157 3747 1286 3810 Parvuli
1310 3749 1467 3833 siquidem

509 3845 670 3930 petierunt
683 3865 808 3929 panem,
822 3857 853 3906 et
869 3865 928 3906 non
942 3858 1008 3907 erat
1021 3846 1077 3929 qui
1090 3846 1250 3931 frangeret
1261 3849 1318 3912 eis.
1344 3850 1377 3911 Si
1390 3873 1468 3934 ergo

507 3947 547 4008 ad
559 3947 695 4029 aliquem
711 3944 885 4007 vicinorum
898 3946 980 4009 solus
992 3948 1146 4032 evangelii
1159 3961 1222 4012 tres
1233 3971 1341 4034 panes,
1356 3950 1467 4016 domui

507 4061 620 4109 vestrae
651 4047 831 4109 mutuaturi
865 4047 1055 4126 accedimus,
1085 4050 1279 4114 creditorum
1313 4051 1470 4116 continuo

508 4145 697 4208 sustinemus
726 4143 943 4225 difficultates,
972 4171 1009 4210 ea
1038 4171 1070 4210 se
1100 4151 1192 4235 copia
1222 4150 1471 4216 excusationum

506 4244 649 4329 opponit,
674 4255 709 4305 ut
731 4241 803 4305 filiis
826 4245 1065 4328 quiescentibus
1088 4249 1118 4311 in
1142 4251 1251 4326 cubili,
1276 4252 1315 4314 ad
1345 4255 1471 4337 impor.

507 4347 674 4415 tunitatem
698 4359 836 4410 nostram
859 4348 912 4410 vix
935 4364 1044 4435 surgat
1068 4353 1195 4438 aliquis,
1211 4370 1243 4420 et
1267 4356 1389 4441 aperiat
1412 4357 1462 4420 vel
