3667 5475
511 770 576 829 298
772 776 908 825 scansis
924 776 1202 822 sannsenmeusrs
1377 761 1426 841 [n.
1443 778 1492 821 r)-

512 956 555 999 ex
570 934 714 997 ubertate
726 932 884 1005 soliorum,
895 940 929 993 et
939 929 1170 1005 condensitate,
1182 928 1239 992 sed
1255 950 1298 992 ex
1309 929 1488 992 fructuum

512 1036 649 1100 utilitate
663 1043 823 1117 pensatur.
868 1028 979 1103 Quum
998 1052 1073 1113 ergo
1095 1041 1132 1094 tu
1153 1031 1236 1094 nihil
1257 1031 1409 1094 omiseris
1432 1051 1484 1095 ex

513 1134 786 1215 contingentibus,
801 1145 834 1196 et
854 1134 932 1197 fidei
946 1143 1010 1196 tuae
1026 1142 1059 1195 et
1080 1132 1260 1196 devotionis
1274 1133 1412 1211 fructus,
1428 1145 1483 1196 et-

512 1238 627 1301 sinon
650 1256 708 1318 pro
731 1247 816 1312 voto,
837 1236 934 1318 plane
957 1255 1016 1318 pro
1038 1245 1182 1316 tempore
1206 1235 1419 1317 praecesserit,
1442 1248 1482 1298 et

511 1348 672 1422 speretur:
712 1358 771 1401 cur
801 1336 841 1400 ad
877 1333 1085 1416 allegationes
1114 1336 1257 1399 caritatis
1286 1334 1478 1399 astruendae

510 1440 610 1504 oratio
636 1448 692 1502 tna
719 1434 940 1521 progreditur?
980 1438 1016 1500 Si
1045 1458 1117 1500 eam
1143 1437 1190 1500 ris
1215 1459 1284 1501 esse
1315 1436 1473 1501 fidelibus

511 1539 779 1617 commendatam,
793 1550 866 1602 acta
880 1538 963 1619 agis,
978 1538 1006 1601 si
1025 1538 1222 1615 infidelibus,
1235 1538 1328 1601 nihil.
1375 1540 1475 1603 Unus

512 1654 629 1720 autem,
653 1654 686 1705 et
711 1640 911 1722 singulariter
940 1660 1024 1703 unus
1048 1652 1108 1718 est,
1134 1641 1187 1702 cui
1217 1662 1289 1703 eam
1321 1639 1473 1704 desidero

511 1742 743 1820 commendari,
764 1742 823 1805 sed
850 1762 914 1804 non
941 1754 1006 1804 tam
1033 1742 1262 1821 allegationum
1289 1755 1417 1818 ornatu,
1440 1755 1474 1805 et

511 1845 786 1931 phantasmatibus
800 1841 991 1917 dictionum,
1007 1863 1106 1926 quam
1127 1844 1270 1906 caritatis
1285 1844 1469 1908 sinceritate

512 1959 544 2011 et
557 1947 630 2010 ritae
652 1945 858 2022 continentis,
872 1954 905 2008 et
928 1947 1113 2008 affectuosas
1129 1946 1281 2008 orationis
1301 1945 1468 2020 instantia,

511 2048 694 2133 etquidem
720 2068 764 2110 ex
789 2047 839 2109 his
864 2047 947 2110 locis
972 2046 1033 2109 tibi
1057 2048 1192 2110 arbitror
1219 2048 1419 2131 provenisse,
1432 2058 1470 2111 ut

511 2151 616 2214 amico
631 2161 739 2212 nostro
755 2147 890 2229 Hugoni
906 2146 1116 2231 responderes
1130 2148 1175 2225 id,
1191 2148 1278 2232 quod
1292 2150 1353 2212 etsi
1366 2150 1470 2233 impe·

509 2252 581 2314 ritis
602 2270 705 2314 rerum
725 2248 870 2311 videatur
892 2251 1003 2312 afferre
1025 2248 1241 2334 dispendium,
1258 2250 1468 2314 conscientiae

509 2362 618 2414 tamen
647 2360 680 2413 et
708 2349 818 2412 salutis
852 2348 1067 2432 proculdubio
1095 2350 1323 2433 compendium
1354 2350 1467 2414 adfert

511 2450 610 2516 Unde
632 2461 665 2515 et
686 2450 800 2514 studiis
823 2452 887 2514 tuis
908 2453 1120 2532 congratulor,
1141 2472 1239 2535 quem
1259 2474 1402 2533 agnosco
1425 2475 1468 2517 ex

510 2554 611 2635 signis
648 2552 828 2637 perspicuis
864 2553 900 2614 in
938 2554 1016 2615 urbe
1047 2553 1171 2634 garrula
1198 2562 1231 2615 et
1258 2563 1403 2631 ventosa,
1432 2565 1468 2617 ut

509 2674 591 2739 pace
611 2652 804 2718 scholarium
827 2651 948 2714 dictum
964 2651 1015 2728 sit,
1030 2673 1095 2714 non
1112 2661 1176 2715 tam
1197 2652 1359 2715 inutilium
1376 2676 1467 2738 argu-

509 2755 741 2819 mentationum
760 2756 852 2818 locos
874 2754 1047 2836 inquirere,
1063 2777 1157 2839 quarn
1173 2757 1334 2819 virtutum.
1380 2759 1467 2822 Nam

510 2859 564 2941 qui
587 2869 843 2939 argumentorum
865 2857 1060 2940 multiplices
1076 2858 1164 2921 locos
1188 2871 1219 2921 et
1242 2859 1337 2922 sedes
1352 2860 1467 2939 credit,
1571 2860 1574 2862 ’

510 2972 542 3022 et
567 2960 716 3022 virtutum
743 2956 860 3037 nullos,
887 2960 1030 3039 garrulus
1057 2961 1168 3044 utique
1194 2973 1300 3045 potest
1326 2984 1408 3041 esse,
1435 2976 1466 3026 ct

510 3083 622 3135 vanus,
653 3060 710 3124 sed
740 3060 952 3143 proculdubio
982 3083 1047 3123 non
1078 3061 1279 3139 dialecticum
1308 3063 1375 3126 imo
1403 3085 1465 3127 nec

509 3162 721 3247 philosophus
734 3174 791 3224 est.
832 3163 878 3226 Ut
893 3174 999 3226 tamen
1015 3185 1034 3225 a
1048 3164 1250 3244 generalibus
1261 3163 1302 3226 ad
1314 3166 1468 3247 specialia

509 3276 679 3338 transeam,
692 3264 780 3344 quod
795 3263 1012 3325 archidiaconi
1028 3265 1237 3339 Pictavensis,
1250 3265 1324 3328 dum
1338 3289 1469 3329 excom-

508 3363 689 3424 municatus
704 3371 762 3436 est,
778 3362 934 3443 quicquid
958 3365 1016 3426 tibi
1032 3367 1190 3442 offeratur,
1205 3366 1360 3429 detrectas
1384 3368 1465 3430 inire

508 3460 715 3538 consortium,
737 3460 846 3537 laudo,
869 3463 956 3543 quod
984 3465 1159 3527 Dominum
1182 3466 1315 3541 homini,
1336 3477 1462 3551 tempo·

507 3563 628 3626 ralibus
637 3572 755 3625 aeterna
764 3565 1024 3646 praetnlisti3sed,
1034 3567 1143 3629 utsine
1153 3568 1340 3652 praejudicio
1350 3571 1463 3653 loquar

507 3665 673 3729 sententiae
695 3666 836 3744 verioris,
858 3678 890 3728 ct
916 3687 1075 3729 canonum
1099 3669 1276 3732 reverentia
1298 3672 1387 3733 salva
1409 3671 1460 3742 sit,

507 3765 744 3830 distinctionem
760 3767 794 3828 iu
817 3766 1065 3848 participatione
1082 3789 1154 3831 cum
1172 3771 1460 3834 excommunicatis

507 3891 623 3932 censeo
638 3868 879 3931 admittendam.
925 3869 1009 3930 Nam
1031 3871 1085 3953 qui
1101 3871 1227 3934 malitiae
1245 3893 1353 3936 eorum
1377 3895 1460 3937 com-

507 3971 660 4043 municat,
691 3971 832 4053 seipsum
863 3992 991 4054 quoque
1021 3972 1230 4035 anathematis
1265 3974 1459 4054 obligatione

507 4069 710 4132 condemnat.
749 4071 908 4133 Caeterum
925 4072 958 4133 in
974 4071 1024 4133 his
1040 4083 1187 4154 quatuor,
1202 4095 1337 4156 quorum
1355 4076 1460 4139 cautio

507 4167 654 4250 specialis
664 4168 798 4244 videtur,
806 4171 839 4230 in
851 4173 962 4234 osculo
972 4168 1096 4234 scilicet
1105 4185 1137 4233 et
1147 4194 1266 4249 mensa,
1277 4175 1420 4238 oratione
1430 4183 1460 4236 et

506 4267 707 4343 salutatione,
719 4290 925 4350 personarum
937 4285 969 4334 et
984 4294 1086 4333 rerum
1101 4275 1269 4355 multiplex
1281 4286 1316 4337 ut
1328 4277 1461 4338 arbitror

507 4370 685 4434 differentia
697 4370 892 4435 attendenda
904 4383 959 4434 cst.
993 4375 1094 4436 Aliter
1104 4376 1187 4437 enim
1200 4376 1270 4439 haec
1288 4377 1460 4458 professio-
