3667 5475
440 776 550 855 llus]
831 793 1009 837 misceam.
1333 781 1392 841 199

436 959 469 1010 et
491 945 662 1031 porrigunt
688 944 826 1018 calicem,
854 956 886 1007 et
913 943 1036 1006 utinam
1059 942 1189 1009 calicem
1218 945 1388 1011 Salutaris!

436 1047 601 1113 Gustastis
621 1046 764 1131 inquam,
780 1058 813 1109 et
834 1045 956 1109 utinam
979 1045 1094 1109 amodo
1117 1046 1337 1123 subtrabatur,
1354 1060 1391 1112 ut

434 1172 495 1235 pro
517 1160 593 1213 voto
614 1159 720 1211 vestro
745 1147 885 1211 Domino
908 1146 1035 1230 possitis
1054 1146 1240 1211 familiarius
1262 1161 1295 1212 et
1317 1149 1390 1234 qui·

434 1251 520 1316 etius
538 1250 711 1314 inhaerere:
737 1249 763 1313 si
784 1261 888 1313 tamen
910 1248 954 1310 sic
972 1247 1061 1310 vobis
1081 1249 1223 1334 expedit,
1240 1263 1272 1314 et
1292 1251 1390 1315 eccle-

435 1354 491 1419 siae
516 1351 657 1417 Domini.
701 1354 784 1416 Haec
808 1363 928 1425 autem,
956 1363 1067 1434 utpote
1095 1352 1237 1415 conscius
1264 1353 1389 1417 viarum

435 1466 625 1529 vestrarum,
643 1450 719 1537 quia
734 1449 912 1514 coaluimus
933 1450 974 1513 ab
994 1450 1138 1535 antiquo,
1163 1457 1300 1530 retexui,
1317 1476 1390 1539 pro-

435 1555 569 1619 motioni
584 1566 699 1618 vestrae
722 1551 937 1637 congaudens,
952 1564 984 1615 et
1003 1552 1123 1637 gratias
1142 1574 1239 1637 agens
1254 1567 1390 1640 quantas

435 1679 565 1743 possum
593 1658 664 1719 Deo
693 1653 901 1740 promotionis
924 1653 1058 1730 auctori,
1085 1652 1157 1718 licet
1187 1678 1268 1733 meo,
1292 1656 1390 1720 immo

436 1760 536 1825 totius
557 1758 697 1823 ecclesiae
718 1770 831 1820 vestrae
853 1755 1031 1819 infortunio
1053 1770 1085 1821 et
1107 1756 1303 1842 irreparabili
1321 1757 1389 1841 jac·

435 1877 519 1927 turae
542 1860 724 1946 compatiar.
770 1858 878 1924 Didici
904 1858 987 1923 enim
1011 1859 1097 1943 apud
1124 1859 1290 1936 Ethicum,
1314 1860 1391 1945 quia

436 1965 503 2029 suis
525 1959 733 2027 incommodis
760 1960 901 2046 graviter
929 1961 1016 2044 angi,
1045 1983 1107 2025 non
1138 1962 1240 2042 amici,
1270 1962 1324 2027 sed
1358 1985 1390 2025 se

436 2067 573 2130 amantis
587 2078 644 2129 est.
692 2062 754 2126 Sed
770 2062 849 2149 quid
865 2063 960 2125 faciet
980 2062 1033 2124 illa
1049 2063 1210 2148 quondam
1228 2063 1343 2128 nobilis
1357 2077 1389 2128 et

435 2165 573 2252 gloriosa
584 2189 652 2250 prae
666 2166 800 2243 caeteris,
811 2185 894 2226 nunc
910 2174 1030 2241 autem,
1044 2165 1130 2252 quod
1147 2166 1214 2228 sine
1229 2165 1389 2230 lachrimis

437 2291 560 2355 nequeo
574 2268 689 2338 dicere,
707 2265 779 2328 vilis
797 2278 829 2329 et
849 2266 974 2350 abjecta
988 2265 1071 2330 inter
1094 2266 1175 2331 filias
1197 2269 1389 2349 Jerusalem,

437 2370 566 2435 ecelesia
583 2366 829 2432 saresberiensis
844 2378 935 2429 tanto
955 2381 1046 2452 patre
1061 2368 1195 2432 orbata?
1218 2371 1292 2455 quis
1305 2371 1388 2457 epis-

436 2493 517 2555 copo
542 2467 744 2552 naufraganti
768 2466 911 2552 porrigat
942 2467 1132 2532 dexteram?
1165 2473 1238 2553 quis
1266 2476 1387 2535 clerum

436 2570 673 2637 consolabitur?
713 2570 794 2632 Nam
821 2569 894 2632 biuc
919 2570 997 2631 mihi
1025 2570 1137 2633 audire
1160 2570 1270 2633 videor
1297 2595 1388 2638 voces

436 2672 585 2762 ejulantis
606 2672 681 2737 cleri
704 2684 737 2736 et
763 2670 873 2757 populi
899 2693 962 2733 una
984 2693 1059 2733 voce
1081 2670 1297 2750 clamantium,
1321 2674 1388 2739 Gur

434 2800 493 2842 nos
509 2784 606 2860 poter
631 2777 758 2849 deseris,
782 2783 843 2838 erut
865 2779 920 2837 cul
943 2796 1002 2837 nos
1027 2775 1180 2837 dmolatos
1202 2777 1387 2856 relinquis?

435 2880 558 2966 Utique
567 2880 651 2943 iuter
667 2901 816 2961 eosquos
832 2875 1021 2960 rumigeruli
1036 2875 1271 2940 substituerunt
1287 2875 1388 2957 vobis,

435 2984 489 3047 vix
504 2984 676 3068 quisquam
688 2980 828 3043 occurrit
843 2979 935 3043 vobis
950 2978 1066 3064 diguus
1078 2978 1188 3043 sedere
1202 2979 1234 3041 in
1252 2978 1388 3044 scabello

434 3085 552 3172 pedum
567 3098 763 3148 vestrorum:
780 3097 812 3146 et
825 3082 970 3168 profecto
987 3081 1104 3160 nullnS,
1118 3083 1242 3146 etiamsi
1258 3081 1388 3148 libertas

434 3187 570 3263 adesset,
593 3207 677 3249 nunc
700 3184 777 3247 mibi
801 3185 934 3270 apparet
961 3184 1096 3250 idoneus
1118 3187 1219 3271 magis
1241 3207 1337 3272 quam
1361 3185 1388 3251 si

434 3288 498 3354 sole
510 3287 637 3352 sublato
647 3286 688 3350 de
702 3287 822 3350 mundo
836 3300 1001 3372 quaeratur
1012 3288 1096 3352 iuter
1108 3311 1192 3354 nunc
1204 3288 1387 3368 existentes,

435 3391 508 3478 quis
521 3389 652 3476 impleat
668 3389 752 3452 vices
774 3390 853 3475 ejus.
899 3389 1058 3454 Dominus
1078 3403 1183 3455 tamen
1206 3405 1386 3477 potensest

432 3492 473 3557 de
495 3491 655 3577 lapidibus
670 3494 822 3556 suscitare
837 3491 920 3554 filios
936 3492 1090 3556 Abrahae.

479 3593 542 3657 Sed
560 3595 627 3679 jam
655 3616 674 3655 a
698 3591 786 3656 luctu
813 3592 944 3678 publico
970 3593 1011 3657 ad
1036 3616 1162 3658 causam
1190 3595 1286 3658 redeo
1313 3617 1385 3679 pro·

435 3696 551 3782 priam,
574 3695 643 3778 qui,
672 3694 704 3757 in
734 3718 799 3780 quo
822 3694 944 3758 calculo
971 3708 1113 3759 versetur
1139 3693 1279 3758 conditio
1304 3716 1385 3770 mea,

433 3808 604 3882 postquam
620 3795 660 3858 ab
676 3794 795 3878 Anglia
811 3795 992 3870 recessistis,
1004 3816 1132 3879 prorsus
1147 3795 1270 3877 ignoro.
1301 3798 1384 3858 Nam

433 3897 559 3962 interim
576 3919 647 3982 spes
667 3910 735 3959 erat
758 3896 884 3973 certior,
900 3910 938 3959 ut
955 3907 1029 3957 ante
1044 3917 1129 3978 saepe
1145 3894 1265 3980 scripsi.
1312 3895 1385 3961 Non

432 3998 571 4063 diffiteor
592 3997 669 4084 quin
693 3998 831 4062 ecclesiae
854 4010 886 4060 et
908 3995 1146 4082 archiepiscopo
1162 3998 1384 4066 Cantuariensi

432 4101 573 4167 debitam
596 4102 691 4166 fidem
720 4103 922 4175 servaverim,
947 4097 1001 4161 sed
1028 4120 1067 4161 ex
1094 4098 1285 4166 conscientia
1311 4124 1386 4167 con·

433 4219 483 4268 tra
509 4205 662 4270 bonorem
690 4203 757 4286 regi
787 4202 946 4276 debitum,
974 4215 1030 4264 ant
1058 4201 1242 4279 utilitatem,
1273 4226 1322 4267 me
1352 4204 1385 4269 in

433 4306 521 4371 nullo
544 4319 705 4370 versatum
728 4329 798 4368 esse
820 4320 995 4368 monstrare
1018 4319 1147 4389 paratus
1172 4326 1254 4378 sum,
1280 4317 1336 4367 aut
1360 4305 1385 4366 ai

432 4407 549 4473 alicubi
573 4408 706 4493 deliqui,
724 4406 805 4472 sicut
829 4409 894 4489 regi
917 4420 950 4478 et
973 4404 1102 4468 domino
1125 4402 1281 4485 condigne
1297 4401 1386 4465 satis-
